1CClientBankExchange
ВерсияФормата=1.03
Кодировка=Windows
РасчСчет=40802810000000012345
СекцияРасчСчет
РасчСчет=40802810000000012345
КонецРасчСчет
СекцияДокумент=Платежное поручение
Номер=1001
Дата=01.01.2026
Сумма=2503.68
Плательщик=Розничныи покупатель (экваиринг)
ПлательщикСчет=40702810000000099999
ПлательщикИНН=
Получатель=Наша организация
ПолучательСчет=40802810000000012345
ПолучательИНН=0000000000
НазначениеПлатежа=Оплата товара, экваиринг
КонецДокумента
СекцияДокумент=Платежное поручение
Номер=1002
Дата=01.01.2026
Сумма=3057.36
Плательщик=Розничныи покупатель (экваиринг)
ПлательщикСчет=40702810000000099999
ПлательщикИНН=
Получатель=Наша организация
ПолучательСчет=40802810000000012345
ПолучательИНН=0000000000
НазначениеПлатежа=Оплата товара, экваиринг
КонецДокумента
СекцияДокумент=Платежное поручение
Номер=1003
Дата=02.01.2026
Сумма=2874.71
Плательщик=Розничныи покупатель (экваиринг)
ПлательщикСчет=40702810000000099999
ПлательщикИНН=
Получатель=Наша организация
ПолучательСчет=40802810000000012345
ПолучательИНН=0000000000
НазначениеПлатежа=Оплата товара, экваиринг
КонецДокумента
СекцияДокумент=Платежное поручение
Номер=1004
Дата=02.01.2026
Сумма=3669.03
Плательщик=Розничныи покупатель (экваиринг)
ПлательщикСчет=40702810000000099999
ПлательщикИНН=
Получатель=Наша организация
ПолучательСчет=40802810000000012345
ПолучательИНН=0000000000
НазначениеПлатежа=Оплата товара, экваиринг
КонецДокумента
СекцияДокумент=Платежное поручение
Номер=1005
Дата=03.01.2026
Сумма=1638.17
Плательщик=Розничныи покупатель (экваиринг)
ПлательщикСчет=40702810000000099999
ПлательщикИНН=
Получатель=Наша организация
ПолучательСчет=40802810000000012345
ПолучательИНН=0000000000
НазначениеПлатежа=Оплата товара, экваиринг
КонецДокумента
СекцияДокумент=Платежное поручение
Номер=1006
Дата=03.01.2026
Сумма=3725.61
Плательщик=Розничныи покупатель (экваиринг)
ПлательщикСчет=40702810000000099999
ПлательщикИНН=
Получатель=Наша организация
ПолучательСчет=40802810000000012345
ПолучательИНН=0000000000
НазначениеПлатежа=Оплата товара, экваиринг
КонецДокумента
СекцияДокумент=Платежное поручение
Номер=1007
Дата=04.01.2026
Сумма=3410.82
Плательщик=Розничныи покупатель (экваиринг)
ПлательщикСчет=40702810000000099999
ПлательщикИНН=
Получатель=Наша организация
ПолучательСчет=40802810000000012345
ПолучательИНН=0000000000
НазначениеПлатежа=Оплата товара, экваиринг
КонецДокумента
СекцияДокумент=Платежное поручение
Номер=1008
Дата=04.01.2026
Сумма=2730.74
Плательщик=Розничныи покупатель (экваиринг)
ПлательщикСчет=40702810000000099999
ПлательщикИНН=
Получатель=Наша организация
ПолучательСчет=40802810000000012345
ПолучательИНН=0000000000
НазначениеПлатежа=Оплата товара, экваиринг
КонецДокумента
СекцияДокумент=Платежное поручение
Номер=1009
Дата=05.01.2026
Сумма=90000.00
Плательщик=Наша организация
ПлательщикСчет=40802810000000012345
ПлательщикИНН=0000000000
Получатель=Арендодатель ООО «Пассаж»
ПолучательСчет=40702810000000099999
ПолучательИНН=7701234567
НазначениеПлатежа=Аренда торговои точки
КонецДокумента
СекцияДокумент=Платежное поручение
Номер=1010
Дата=05.01.2026
Сумма=3905.41
Плательщик=Розничныи покупатель (экваиринг)
ПлательщикСчет=40702810000000099999
ПлательщикИНН=
Получатель=Наша организация
ПолучательСчет=40802810000000012345
ПолучательИНН=0000000000
НазначениеПлатежа=Оплата товара, экваиринг
КонецДокумента
СекцияДокумент=Платежное поручение
Номер=1011
Дата=05.01.2026
Сумма=3660.90
Плательщик=Розничныи покупатель (экваиринг)
ПлательщикСчет=40702810000000099999
ПлательщикИНН=
Получатель=Наша организация
ПолучательСчет=40802810000000012345
ПолучательИНН=0000000000
НазначениеПлатежа=Оплата товара, экваиринг
КонецДокумента
СекцияДокумент=Платежное поручение
Номер=1012
Дата=06.01.2026
Сумма=3183.02
Плательщик=Розничныи покупатель (экваиринг)
ПлательщикСчет=40702810000000099999
ПлательщикИНН=
Получатель=Наша организация
ПолучательСчет=40802810000000012345
ПолучательИНН=0000000000
НазначениеПлатежа=Оплата товара, экваиринг
КонецДокумента
СекцияДокумент=Платежное поручение
Номер=1013
Дата=06.01.2026
Сумма=2895.34
Плательщик=Розничныи покупатель (экваиринг)
ПлательщикСчет=40702810000000099999
ПлательщикИНН=
Получатель=Наша организация
ПолучательСчет=40802810000000012345
ПолучательИНН=0000000000
НазначениеПлатежа=Оплата товара, экваиринг
КонецДокумента
СекцияДокумент=Платежное поручение
Номер=1014
Дата=07.01.2026
Сумма=3887.81
Плательщик=Розничныи покупатель (экваиринг)
ПлательщикСчет=40702810000000099999
ПлательщикИНН=
Получатель=Наша организация
ПолучательСчет=40802810000000012345
ПолучательИНН=0000000000
НазначениеПлатежа=Оплата товара, экваиринг
КонецДокумента
СекцияДокумент=Платежное поручение
Номер=1015
Дата=07.01.2026
Сумма=2826.12
Плательщик=Розничныи покупатель (экваиринг)
ПлательщикСчет=40702810000000099999
ПлательщикИНН=
Получатель=Наша организация
ПолучательСчет=40802810000000012345
ПолучательИНН=0000000000
НазначениеПлатежа=Оплата товара, экваиринг
КонецДокумента
СекцияДокумент=Платежное поручение
Номер=1016
Дата=08.01.2026
Сумма=3094.32
Плательщик=Розничныи покупатель (экваиринг)
ПлательщикСчет=40702810000000099999
ПлательщикИНН=
Получатель=Наша организация
ПолучательСчет=40802810000000012345
ПолучательИНН=0000000000
НазначениеПлатежа=Оплата товара, экваиринг
КонецДокумента
СекцияДокумент=Платежное поручение
Номер=1017
Дата=08.01.2026
Сумма=2380.98
Плательщик=Розничныи покупатель (экваиринг)
ПлательщикСчет=40702810000000099999
ПлательщикИНН=
Получатель=Наша организация
ПолучательСчет=40802810000000012345
ПолучательИНН=0000000000
НазначениеПлатежа=Оплата товара, экваиринг
КонецДокумента
СекцияДокумент=Платежное поручение
Номер=1018
Дата=09.01.2026
Сумма=2083.32
Плательщик=Розничныи покупатель (экваиринг)
ПлательщикСчет=40702810000000099999
ПлательщикИНН=
Получатель=Наша организация
ПолучательСчет=40802810000000012345
ПолучательИНН=0000000000
НазначениеПлатежа=Оплата товара, экваиринг
КонецДокумента
СекцияДокумент=Платежное поручение
Номер=1019
Дата=09.01.2026
Сумма=4175.93
Плательщик=Розничныи покупатель (экваиринг)
ПлательщикСчет=40702810000000099999
ПлательщикИНН=
Получатель=Наша организация
ПолучательСчет=40802810000000012345
ПолучательИНН=0000000000
НазначениеПлатежа=Оплата товара, экваиринг
КонецДокумента
СекцияДокумент=Платежное поручение
Номер=1020
Дата=10.01.2026
Сумма=4017.62
Плательщик=Розничныи покупатель (экваиринг)
ПлательщикСчет=40702810000000099999
ПлательщикИНН=
Получатель=Наша организация
ПолучательСчет=40802810000000012345
ПолучательИНН=0000000000
НазначениеПлатежа=Оплата товара, экваиринг
КонецДокумента
СекцияДокумент=Платежное поручение
Номер=1021
Дата=10.01.2026
Сумма=42905.42
Плательщик=Наша организация
ПлательщикСчет=40802810000000012345
ПлательщикИНН=0000000000
Получатель=Поставщик товаров ООО «Опторг»
ПолучательСчет=40702810000000099999
ПолучательИНН=5027001122
НазначениеПлатежа=Оплата поставки товара по счету
КонецДокумента
СекцияДокумент=Платежное поручение
Номер=1022
Дата=10.01.2026
Сумма=2883.77
Плательщик=Розничныи покупатель (экваиринг)
ПлательщикСчет=40702810000000099999
ПлательщикИНН=
Получатель=Наша организация
ПолучательСчет=40802810000000012345
ПолучательИНН=0000000000
НазначениеПлатежа=Оплата товара, экваиринг
КонецДокумента
СекцияДокумент=Платежное поручение
Номер=1023
Дата=11.01.2026
Сумма=1637.94
Плательщик=Розничныи покупатель (экваиринг)
ПлательщикСчет=40702810000000099999
ПлательщикИНН=
Получатель=Наша организация
ПолучательСчет=40802810000000012345
ПолучательИНН=0000000000
НазначениеПлатежа=Оплата товара, экваиринг
КонецДокумента
СекцияДокумент=Платежное поручение
Номер=1024
Дата=11.01.2026
Сумма=4382.46
Плательщик=Розничныи покупатель (экваиринг)
ПлательщикСчет=40702810000000099999
ПлательщикИНН=
Получатель=Наша организация
ПолучательСчет=40802810000000012345
ПолучательИНН=0000000000
НазначениеПлатежа=Оплата товара, экваиринг
КонецДокумента
СекцияДокумент=Платежное поручение
Номер=1025
Дата=12.01.2026
Сумма=1492.42
Плательщик=Розничныи покупатель (экваиринг)
ПлательщикСчет=40702810000000099999
ПлательщикИНН=
Получатель=Наша организация
ПолучательСчет=40802810000000012345
ПолучательИНН=0000000000
НазначениеПлатежа=Оплата товара, экваиринг
КонецДокумента
СекцияДокумент=Платежное поручение
Номер=1026
Дата=12.01.2026
Сумма=3693.90
Плательщик=Розничныи покупатель (экваиринг)
ПлательщикСчет=40702810000000099999
ПлательщикИНН=
Получатель=Наша организация
ПолучательСчет=40802810000000012345
ПолучательИНН=0000000000
НазначениеПлатежа=Оплата товара, экваиринг
КонецДокумента
СекцияДокумент=Платежное поручение
Номер=1027
Дата=13.01.2026
Сумма=3934.02
Плательщик=Розничныи покупатель (экваиринг)
ПлательщикСчет=40702810000000099999
ПлательщикИНН=
Получатель=Наша организация
ПолучательСчет=40802810000000012345
ПолучательИНН=0000000000
НазначениеПлатежа=Оплата товара, экваиринг
КонецДокумента
СекцияДокумент=Платежное поручение
Номер=1028
Дата=13.01.2026
Сумма=4633.38
Плательщик=Розничныи покупатель (экваиринг)
ПлательщикСчет=40702810000000099999
ПлательщикИНН=
Получатель=Наша организация
ПолучательСчет=40802810000000012345
ПолучательИНН=0000000000
НазначениеПлатежа=Оплата товара, экваиринг
КонецДокумента
СекцияДокумент=Платежное поручение
Номер=1029
Дата=14.01.2026
Сумма=1457.41
Плательщик=Розничныи покупатель (экваиринг)
ПлательщикСчет=40702810000000099999
ПлательщикИНН=
Получатель=Наша организация
ПолучательСчет=40802810000000012345
ПолучательИНН=0000000000
НазначениеПлатежа=Оплата товара, экваиринг
КонецДокумента
СекцияДокумент=Платежное поручение
Номер=1030
Дата=14.01.2026
Сумма=2224.18
Плательщик=Розничныи покупатель (экваиринг)
ПлательщикСчет=40702810000000099999
ПлательщикИНН=
Получатель=Наша организация
ПолучательСчет=40802810000000012345
ПолучательИНН=0000000000
НазначениеПлатежа=Оплата товара, экваиринг
КонецДокумента
СекцияДокумент=Платежное поручение
Номер=1031
Дата=15.01.2026
Сумма=12000.00
Плательщик=Наша организация
ПлательщикСчет=40802810000000012345
ПлательщикИНН=0000000000
Получатель=Банк «Кредитныи»
ПолучательСчет=40702810000000099999
ПолучательИНН=7709998887
НазначениеПлатежа=Платеж по кредиту, договор №445
КонецДокумента
СекцияДокумент=Платежное поручение
Номер=1032
Дата=15.01.2026
Сумма=2443.04
Плательщик=Розничныи покупатель (экваиринг)
ПлательщикСчет=40702810000000099999
ПлательщикИНН=
Получатель=Наша организация
ПолучательСчет=40802810000000012345
ПолучательИНН=0000000000
НазначениеПлатежа=Оплата товара, экваиринг
КонецДокумента
СекцияДокумент=Платежное поручение
Номер=1033
Дата=15.01.2026
Сумма=1426.13
Плательщик=Розничныи покупатель (экваиринг)
ПлательщикСчет=40702810000000099999
ПлательщикИНН=
Получатель=Наша организация
ПолучательСчет=40802810000000012345
ПолучательИНН=0000000000
НазначениеПлатежа=Оплата товара, экваиринг
КонецДокумента
СекцияДокумент=Платежное поручение
Номер=1034
Дата=16.01.2026
Сумма=1823.26
Плательщик=Розничныи покупатель (экваиринг)
ПлательщикСчет=40702810000000099999
ПлательщикИНН=
Получатель=Наша организация
ПолучательСчет=40802810000000012345
ПолучательИНН=0000000000
НазначениеПлатежа=Оплата товара, экваиринг
КонецДокумента
СекцияДокумент=Платежное поручение
Номер=1035
Дата=16.01.2026
Сумма=2068.51
Плательщик=Розничныи покупатель (экваиринг)
ПлательщикСчет=40702810000000099999
ПлательщикИНН=
Получатель=Наша организация
ПолучательСчет=40802810000000012345
ПолучательИНН=0000000000
НазначениеПлатежа=Оплата товара, экваиринг
КонецДокумента
СекцияДокумент=Платежное поручение
Номер=1036
Дата=17.01.2026
Сумма=3750.00
Плательщик=Розничныи покупатель (экваиринг)
ПлательщикСчет=40702810000000099999
ПлательщикИНН=
Получатель=Наша организация
ПолучательСчет=40802810000000012345
ПолучательИНН=0000000000
НазначениеПлатежа=Оплата товара, экваиринг
КонецДокумента
СекцияДокумент=Платежное поручение
Номер=1037
Дата=17.01.2026
Сумма=1802.19
Плательщик=Розничныи покупатель (экваиринг)
ПлательщикСчет=40702810000000099999
ПлательщикИНН=
Получатель=Наша организация
ПолучательСчет=40802810000000012345
ПолучательИНН=0000000000
НазначениеПлатежа=Оплата товара, экваиринг
КонецДокумента
СекцияДокумент=Платежное поручение
Номер=1038
Дата=18.01.2026
Сумма=1983.23
Плательщик=Розничныи покупатель (экваиринг)
ПлательщикСчет=40702810000000099999
ПлательщикИНН=
Получатель=Наша организация
ПолучательСчет=40802810000000012345
ПолучательИНН=0000000000
НазначениеПлатежа=Оплата товара, экваиринг
КонецДокумента
СекцияДокумент=Платежное поручение
Номер=1039
Дата=18.01.2026
Сумма=4267.91
Плательщик=Розничныи покупатель (экваиринг)
ПлательщикСчет=40702810000000099999
ПлательщикИНН=
Получатель=Наша организация
ПолучательСчет=40802810000000012345
ПолучательИНН=0000000000
НазначениеПлатежа=Оплата товара, экваиринг
КонецДокумента
СекцияДокумент=Платежное поручение
Номер=1040
Дата=19.01.2026
Сумма=3946.94
Плательщик=Розничныи покупатель (экваиринг)
ПлательщикСчет=40702810000000099999
ПлательщикИНН=
Получатель=Наша организация
ПолучательСчет=40802810000000012345
ПолучательИНН=0000000000
НазначениеПлатежа=Оплата товара, экваиринг
КонецДокумента
СекцияДокумент=Платежное поручение
Номер=1041
Дата=19.01.2026
Сумма=3567.97
Плательщик=Розничныи покупатель (экваиринг)
ПлательщикСчет=40702810000000099999
ПлательщикИНН=
Получатель=Наша организация
ПолучательСчет=40802810000000012345
ПолучательИНН=0000000000
НазначениеПлатежа=Оплата товара, экваиринг
КонецДокумента
СекцияДокумент=Платежное поручение
Номер=1042
Дата=20.01.2026
Сумма=38947.91
Плательщик=Наша организация
ПлательщикСчет=40802810000000012345
ПлательщикИНН=0000000000
Получатель=Поставщик товаров ООО «Опторг»
ПолучательСчет=40702810000000099999
ПолучательИНН=5027001122
НазначениеПлатежа=Оплата поставки товара по счету
КонецДокумента
СекцияДокумент=Платежное поручение
Номер=1043
Дата=20.01.2026
Сумма=1629.83
Плательщик=Розничныи покупатель (экваиринг)
ПлательщикСчет=40702810000000099999
ПлательщикИНН=
Получатель=Наша организация
ПолучательСчет=40802810000000012345
ПолучательИНН=0000000000
НазначениеПлатежа=Оплата товара, экваиринг
КонецДокумента
СекцияДокумент=Платежное поручение
Номер=1044
Дата=20.01.2026
Сумма=4087.79
Плательщик=Розничныи покупатель (экваиринг)
ПлательщикСчет=40702810000000099999
ПлательщикИНН=
Получатель=Наша организация
ПолучательСчет=40802810000000012345
ПолучательИНН=0000000000
НазначениеПлатежа=Оплата товара, экваиринг
КонецДокумента
СекцияДокумент=Платежное поручение
Номер=1045
Дата=21.01.2026
Сумма=3075.29
Плательщик=Розничныи покупатель (экваиринг)
ПлательщикСчет=40702810000000099999
ПлательщикИНН=
Получатель=Наша организация
ПолучательСчет=40802810000000012345
ПолучательИНН=0000000000
НазначениеПлатежа=Оплата товара, экваиринг
КонецДокумента
СекцияДокумент=Платежное поручение
Номер=1046
Дата=21.01.2026
Сумма=4306.77
Плательщик=Розничныи покупатель (экваиринг)
ПлательщикСчет=40702810000000099999
ПлательщикИНН=
Получатель=Наша организация
ПолучательСчет=40802810000000012345
ПолучательИНН=0000000000
НазначениеПлатежа=Оплата товара, экваиринг
КонецДокумента
СекцияДокумент=Платежное поручение
Номер=1047
Дата=22.01.2026
Сумма=4466.08
Плательщик=Розничныи покупатель (экваиринг)
ПлательщикСчет=40702810000000099999
ПлательщикИНН=
Получатель=Наша организация
ПолучательСчет=40802810000000012345
ПолучательИНН=0000000000
НазначениеПлатежа=Оплата товара, экваиринг
КонецДокумента
СекцияДокумент=Платежное поручение
Номер=1048
Дата=22.01.2026
Сумма=1665.32
Плательщик=Розничныи покупатель (экваиринг)
ПлательщикСчет=40702810000000099999
ПлательщикИНН=
Получатель=Наша организация
ПолучательСчет=40802810000000012345
ПолучательИНН=0000000000
НазначениеПлатежа=Оплата товара, экваиринг
КонецДокумента
СекцияДокумент=Платежное поручение
Номер=1049
Дата=23.01.2026
Сумма=4027.40
Плательщик=Розничныи покупатель (экваиринг)
ПлательщикСчет=40702810000000099999
ПлательщикИНН=
Получатель=Наша организация
ПолучательСчет=40802810000000012345
ПолучательИНН=0000000000
НазначениеПлатежа=Оплата товара, экваиринг
КонецДокумента
СекцияДокумент=Платежное поручение
Номер=1050
Дата=23.01.2026
Сумма=2478.26
Плательщик=Розничныи покупатель (экваиринг)
ПлательщикСчет=40702810000000099999
ПлательщикИНН=
Получатель=Наша организация
ПолучательСчет=40802810000000012345
ПолучательИНН=0000000000
НазначениеПлатежа=Оплата товара, экваиринг
КонецДокумента
СекцияДокумент=Платежное поручение
Номер=1051
Дата=24.01.2026
Сумма=4509.00
Плательщик=Розничныи покупатель (экваиринг)
ПлательщикСчет=40702810000000099999
ПлательщикИНН=
Получатель=Наша организация
ПолучательСчет=40802810000000012345
ПолучательИНН=0000000000
НазначениеПлатежа=Оплата товара, экваиринг
КонецДокумента
СекцияДокумент=Платежное поручение
Номер=1052
Дата=24.01.2026
Сумма=2636.65
Плательщик=Розничныи покупатель (экваиринг)
ПлательщикСчет=40702810000000099999
ПлательщикИНН=
Получатель=Наша организация
ПолучательСчет=40802810000000012345
ПолучательИНН=0000000000
НазначениеПлатежа=Оплата товара, экваиринг
КонецДокумента
СекцияДокумент=Платежное поручение
Номер=1053
Дата=25.01.2026
Сумма=65000.00
Плательщик=Наша организация
ПлательщикСчет=40802810000000012345
ПлательщикИНН=0000000000
Получатель=Иванова А.С.
ПолучательСчет=40702810000000099999
ПолучательИНН=
НазначениеПлатежа=Зарплата продавцу за месяц
КонецДокумента
СекцияДокумент=Платежное поручение
Номер=1054
Дата=25.01.2026
Сумма=2741.66
Плательщик=Розничныи покупатель (экваиринг)
ПлательщикСчет=40702810000000099999
ПлательщикИНН=
Получатель=Наша организация
ПолучательСчет=40802810000000012345
ПолучательИНН=0000000000
НазначениеПлатежа=Оплата товара, экваиринг
КонецДокумента
СекцияДокумент=Платежное поручение
Номер=1055
Дата=25.01.2026
Сумма=1497.71
Плательщик=Розничныи покупатель (экваиринг)
ПлательщикСчет=40702810000000099999
ПлательщикИНН=
Получатель=Наша организация
ПолучательСчет=40802810000000012345
ПолучательИНН=0000000000
НазначениеПлатежа=Оплата товара, экваиринг
КонецДокумента
СекцияДокумент=Платежное поручение
Номер=1056
Дата=26.01.2026
Сумма=1847.27
Плательщик=Розничныи покупатель (экваиринг)
ПлательщикСчет=40702810000000099999
ПлательщикИНН=
Получатель=Наша организация
ПолучательСчет=40802810000000012345
ПолучательИНН=0000000000
НазначениеПлатежа=Оплата товара, экваиринг
КонецДокумента
СекцияДокумент=Платежное поручение
Номер=1057
Дата=26.01.2026
Сумма=2814.34
Плательщик=Розничныи покупатель (экваиринг)
ПлательщикСчет=40702810000000099999
ПлательщикИНН=
Получатель=Наша организация
ПолучательСчет=40802810000000012345
ПолучательИНН=0000000000
НазначениеПлатежа=Оплата товара, экваиринг
КонецДокумента
СекцияДокумент=Платежное поручение
Номер=1058
Дата=27.01.2026
Сумма=4296.64
Плательщик=Розничныи покупатель (экваиринг)
ПлательщикСчет=40702810000000099999
ПлательщикИНН=
Получатель=Наша организация
ПолучательСчет=40802810000000012345
ПолучательИНН=0000000000
НазначениеПлатежа=Оплата товара, экваиринг
КонецДокумента
СекцияДокумент=Платежное поручение
Номер=1059
Дата=27.01.2026
Сумма=2847.30
Плательщик=Розничныи покупатель (экваиринг)
ПлательщикСчет=40702810000000099999
ПлательщикИНН=
Получатель=Наша организация
ПолучательСчет=40802810000000012345
ПолучательИНН=0000000000
НазначениеПлатежа=Оплата товара, экваиринг
КонецДокумента
СекцияДокумент=Платежное поручение
Номер=1060
Дата=28.01.2026
Сумма=4200.73
Плательщик=Розничныи покупатель (экваиринг)
ПлательщикСчет=40702810000000099999
ПлательщикИНН=
Получатель=Наша организация
ПолучательСчет=40802810000000012345
ПолучательИНН=0000000000
НазначениеПлатежа=Оплата товара, экваиринг
КонецДокумента
СекцияДокумент=Платежное поручение
Номер=1061
Дата=28.01.2026
Сумма=1946.12
Плательщик=Розничныи покупатель (экваиринг)
ПлательщикСчет=40702810000000099999
ПлательщикИНН=
Получатель=Наша организация
ПолучательСчет=40802810000000012345
ПолучательИНН=0000000000
НазначениеПлатежа=Оплата товара, экваиринг
КонецДокумента
СекцияДокумент=Платежное поручение
Номер=1062
Дата=29.01.2026
Сумма=4544.13
Плательщик=Розничныи покупатель (экваиринг)
ПлательщикСчет=40702810000000099999
ПлательщикИНН=
Получатель=Наша организация
ПолучательСчет=40802810000000012345
ПолучательИНН=0000000000
НазначениеПлатежа=Оплата товара, экваиринг
КонецДокумента
СекцияДокумент=Платежное поручение
Номер=1063
Дата=29.01.2026
Сумма=4404.06
Плательщик=Розничныи покупатель (экваиринг)
ПлательщикСчет=40702810000000099999
ПлательщикИНН=
Получатель=Наша организация
ПолучательСчет=40802810000000012345
ПолучательИНН=0000000000
НазначениеПлатежа=Оплата товара, экваиринг
КонецДокумента
СекцияДокумент=Платежное поручение
Номер=1064
Дата=30.01.2026
Сумма=2393.98
Плательщик=Розничныи покупатель (экваиринг)
ПлательщикСчет=40702810000000099999
ПлательщикИНН=
Получатель=Наша организация
ПолучательСчет=40802810000000012345
ПолучательИНН=0000000000
НазначениеПлатежа=Оплата товара, экваиринг
КонецДокумента
СекцияДокумент=Платежное поручение
Номер=1065
Дата=30.01.2026
Сумма=3662.16
Плательщик=Розничныи покупатель (экваиринг)
ПлательщикСчет=40702810000000099999
ПлательщикИНН=
Получатель=Наша организация
ПолучательСчет=40802810000000012345
ПолучательИНН=0000000000
НазначениеПлатежа=Оплата товара, экваиринг
КонецДокумента
СекцияДокумент=Платежное поручение
Номер=1066
Дата=31.01.2026
Сумма=4715.16
Плательщик=Розничныи покупатель (экваиринг)
ПлательщикСчет=40702810000000099999
ПлательщикИНН=
Получатель=Наша организация
ПолучательСчет=40802810000000012345
ПолучательИНН=0000000000
НазначениеПлатежа=Оплата товара, экваиринг
КонецДокумента
СекцияДокумент=Платежное поручение
Номер=1067
Дата=31.01.2026
Сумма=2707.08
Плательщик=Розничныи покупатель (экваиринг)
ПлательщикСчет=40702810000000099999
ПлательщикИНН=
Получатель=Наша организация
ПолучательСчет=40802810000000012345
ПолучательИНН=0000000000
НазначениеПлатежа=Оплата товара, экваиринг
КонецДокумента
СекцияДокумент=Платежное поручение
Номер=1068
Дата=01.02.2026
Сумма=2869.55
Плательщик=Розничныи покупатель (экваиринг)
ПлательщикСчет=40702810000000099999
ПлательщикИНН=
Получатель=Наша организация
ПолучательСчет=40802810000000012345
ПолучательИНН=0000000000
НазначениеПлатежа=Оплата товара, экваиринг
КонецДокумента
СекцияДокумент=Платежное поручение
Номер=1069
Дата=01.02.2026
Сумма=2022.92
Плательщик=Розничныи покупатель (экваиринг)
ПлательщикСчет=40702810000000099999
ПлательщикИНН=
Получатель=Наша организация
ПолучательСчет=40802810000000012345
ПолучательИНН=0000000000
НазначениеПлатежа=Оплата товара, экваиринг
КонецДокумента
СекцияДокумент=Платежное поручение
Номер=1070
Дата=02.02.2026
Сумма=2288.11
Плательщик=Розничныи покупатель (экваиринг)
ПлательщикСчет=40702810000000099999
ПлательщикИНН=
Получатель=Наша организация
ПолучательСчет=40802810000000012345
ПолучательИНН=0000000000
НазначениеПлатежа=Оплата товара, экваиринг
КонецДокумента
СекцияДокумент=Платежное поручение
Номер=1071
Дата=02.02.2026
Сумма=3421.29
Плательщик=Розничныи покупатель (экваиринг)
ПлательщикСчет=40702810000000099999
ПлательщикИНН=
Получатель=Наша организация
ПолучательСчет=40802810000000012345
ПолучательИНН=0000000000
НазначениеПлатежа=Оплата товара, экваиринг
КонецДокумента
СекцияДокумент=Платежное поручение
Номер=1072
Дата=03.02.2026
Сумма=1794.89
Плательщик=Розничныи покупатель (экваиринг)
ПлательщикСчет=40702810000000099999
ПлательщикИНН=
Получатель=Наша организация
ПолучательСчет=40802810000000012345
ПолучательИНН=0000000000
НазначениеПлатежа=Оплата товара, экваиринг
КонецДокумента
СекцияДокумент=Платежное поручение
Номер=1073
Дата=03.02.2026
Сумма=2781.69
Плательщик=Розничныи покупатель (экваиринг)
ПлательщикСчет=40702810000000099999
ПлательщикИНН=
Получатель=Наша организация
ПолучательСчет=40802810000000012345
ПолучательИНН=0000000000
НазначениеПлатежа=Оплата товара, экваиринг
КонецДокумента
СекцияДокумент=Платежное поручение
Номер=1074
Дата=04.02.2026
Сумма=1335.44
Плательщик=Розничныи покупатель (экваиринг)
ПлательщикСчет=40702810000000099999
ПлательщикИНН=
Получатель=Наша организация
ПолучательСчет=40802810000000012345
ПолучательИНН=0000000000
НазначениеПлатежа=Оплата товара, экваиринг
КонецДокумента
СекцияДокумент=Платежное поручение
Номер=1075
Дата=04.02.2026
Сумма=2561.05
Плательщик=Розничныи покупатель (экваиринг)
ПлательщикСчет=40702810000000099999
ПлательщикИНН=
Получатель=Наша организация
ПолучательСчет=40802810000000012345
ПолучательИНН=0000000000
НазначениеПлатежа=Оплата товара, экваиринг
КонецДокумента
СекцияДокумент=Платежное поручение
Номер=1076
Дата=05.02.2026
Сумма=90000.00
Плательщик=Наша организация
ПлательщикСчет=40802810000000012345
ПлательщикИНН=0000000000
Получатель=Арендодатель ООО «Пассаж»
ПолучательСчет=40702810000000099999
ПолучательИНН=7701234567
НазначениеПлатежа=Аренда торговои точки
КонецДокумента
СекцияДокумент=Платежное поручение
Номер=1077
Дата=05.02.2026
Сумма=3491.62
Плательщик=Розничныи покупатель (экваиринг)
ПлательщикСчет=40702810000000099999
ПлательщикИНН=
Получатель=Наша организация
ПолучательСчет=40802810000000012345
ПолучательИНН=0000000000
НазначениеПлатежа=Оплата товара, экваиринг
КонецДокумента
СекцияДокумент=Платежное поручение
Номер=1078
Дата=05.02.2026
Сумма=1816.77
Плательщик=Розничныи покупатель (экваиринг)
ПлательщикСчет=40702810000000099999
ПлательщикИНН=
Получатель=Наша организация
ПолучательСчет=40802810000000012345
ПолучательИНН=0000000000
НазначениеПлатежа=Оплата товара, экваиринг
КонецДокумента
СекцияДокумент=Платежное поручение
Номер=1079
Дата=06.02.2026
Сумма=4112.21
Плательщик=Розничныи покупатель (экваиринг)
ПлательщикСчет=40702810000000099999
ПлательщикИНН=
Получатель=Наша организация
ПолучательСчет=40802810000000012345
ПолучательИНН=0000000000
НазначениеПлатежа=Оплата товара, экваиринг
КонецДокумента
СекцияДокумент=Платежное поручение
Номер=1080
Дата=06.02.2026
Сумма=4496.45
Плательщик=Розничныи покупатель (экваиринг)
ПлательщикСчет=40702810000000099999
ПлательщикИНН=
Получатель=Наша организация
ПолучательСчет=40802810000000012345
ПолучательИНН=0000000000
НазначениеПлатежа=Оплата товара, экваиринг
КонецДокумента
СекцияДокумент=Платежное поручение
Номер=1081
Дата=07.02.2026
Сумма=1530.77
Плательщик=Розничныи покупатель (экваиринг)
ПлательщикСчет=40702810000000099999
ПлательщикИНН=
Получатель=Наша организация
ПолучательСчет=40802810000000012345
ПолучательИНН=0000000000
НазначениеПлатежа=Оплата товара, экваиринг
КонецДокумента
СекцияДокумент=Платежное поручение
Номер=1082
Дата=07.02.2026
Сумма=2664.35
Плательщик=Розничныи покупатель (экваиринг)
ПлательщикСчет=40702810000000099999
ПлательщикИНН=
Получатель=Наша организация
ПолучательСчет=40802810000000012345
ПолучательИНН=0000000000
НазначениеПлатежа=Оплата товара, экваиринг
КонецДокумента
СекцияДокумент=Платежное поручение
Номер=1083
Дата=08.02.2026
Сумма=3675.46
Плательщик=Розничныи покупатель (экваиринг)
ПлательщикСчет=40702810000000099999
ПлательщикИНН=
Получатель=Наша организация
ПолучательСчет=40802810000000012345
ПолучательИНН=0000000000
НазначениеПлатежа=Оплата товара, экваиринг
КонецДокумента
СекцияДокумент=Платежное поручение
Номер=1084
Дата=08.02.2026
Сумма=1681.57
Плательщик=Розничныи покупатель (экваиринг)
ПлательщикСчет=40702810000000099999
ПлательщикИНН=
Получатель=Наша организация
ПолучательСчет=40802810000000012345
ПолучательИНН=0000000000
НазначениеПлатежа=Оплата товара, экваиринг
КонецДокумента
СекцияДокумент=Платежное поручение
Номер=1085
Дата=09.02.2026
Сумма=4321.64
Плательщик=Розничныи покупатель (экваиринг)
ПлательщикСчет=40702810000000099999
ПлательщикИНН=
Получатель=Наша организация
ПолучательСчет=40802810000000012345
ПолучательИНН=0000000000
НазначениеПлатежа=Оплата товара, экваиринг
КонецДокумента
СекцияДокумент=Платежное поручение
Номер=1086
Дата=09.02.2026
Сумма=3679.96
Плательщик=Розничныи покупатель (экваиринг)
ПлательщикСчет=40702810000000099999
ПлательщикИНН=
Получатель=Наша организация
ПолучательСчет=40802810000000012345
ПолучательИНН=0000000000
НазначениеПлатежа=Оплата товара, экваиринг
КонецДокумента
СекцияДокумент=Платежное поручение
Номер=1087
Дата=10.02.2026
Сумма=4139.40
Плательщик=Розничныи покупатель (экваиринг)
ПлательщикСчет=40702810000000099999
ПлательщикИНН=
Получатель=Наша организация
ПолучательСчет=40802810000000012345
ПолучательИНН=0000000000
НазначениеПлатежа=Оплата товара, экваиринг
КонецДокумента
СекцияДокумент=Платежное поручение
Номер=1088
Дата=10.02.2026
Сумма=2919.45
Плательщик=Розничныи покупатель (экваиринг)
ПлательщикСчет=40702810000000099999
ПлательщикИНН=
Получатель=Наша организация
ПолучательСчет=40802810000000012345
ПолучательИНН=0000000000
НазначениеПлатежа=Оплата товара, экваиринг
КонецДокумента
СекцияДокумент=Платежное поручение
Номер=1089
Дата=10.02.2026
Сумма=39989.22
Плательщик=Наша организация
ПлательщикСчет=40802810000000012345
ПлательщикИНН=0000000000
Получатель=Поставщик товаров ООО «Опторг»
ПолучательСчет=40702810000000099999
ПолучательИНН=5027001122
НазначениеПлатежа=Оплата поставки товара по счету
КонецДокумента
СекцияДокумент=Платежное поручение
Номер=1090
Дата=11.02.2026
Сумма=1370.71
Плательщик=Розничныи покупатель (экваиринг)
ПлательщикСчет=40702810000000099999
ПлательщикИНН=
Получатель=Наша организация
ПолучательСчет=40802810000000012345
ПолучательИНН=0000000000
НазначениеПлатежа=Оплата товара, экваиринг
КонецДокумента
СекцияДокумент=Платежное поручение
Номер=1091
Дата=11.02.2026
Сумма=2588.79
Плательщик=Розничныи покупатель (экваиринг)
ПлательщикСчет=40702810000000099999
ПлательщикИНН=
Получатель=Наша организация
ПолучательСчет=40802810000000012345
ПолучательИНН=0000000000
НазначениеПлатежа=Оплата товара, экваиринг
КонецДокумента
СекцияДокумент=Платежное поручение
Номер=1092
Дата=12.02.2026
Сумма=1360.50
Плательщик=Розничныи покупатель (экваиринг)
ПлательщикСчет=40702810000000099999
ПлательщикИНН=
Получатель=Наша организация
ПолучательСчет=40802810000000012345
ПолучательИНН=0000000000
НазначениеПлатежа=Оплата товара, экваиринг
КонецДокумента
СекцияДокумент=Платежное поручение
Номер=1093
Дата=12.02.2026
Сумма=3139.06
Плательщик=Розничныи покупатель (экваиринг)
ПлательщикСчет=40702810000000099999
ПлательщикИНН=
Получатель=Наша организация
ПолучательСчет=40802810000000012345
ПолучательИНН=0000000000
НазначениеПлатежа=Оплата товара, экваиринг
КонецДокумента
СекцияДокумент=Платежное поручение
Номер=1094
Дата=13.02.2026
Сумма=3766.21
Плательщик=Розничныи покупатель (экваиринг)
ПлательщикСчет=40702810000000099999
ПлательщикИНН=
Получатель=Наша организация
ПолучательСчет=40802810000000012345
ПолучательИНН=0000000000
НазначениеПлатежа=Оплата товара, экваиринг
КонецДокумента
СекцияДокумент=Платежное поручение
Номер=1095
Дата=13.02.2026
Сумма=4185.00
Плательщик=Розничныи покупатель (экваиринг)
ПлательщикСчет=40702810000000099999
ПлательщикИНН=
Получатель=Наша организация
ПолучательСчет=40802810000000012345
ПолучательИНН=0000000000
НазначениеПлатежа=Оплата товара, экваиринг
КонецДокумента
СекцияДокумент=Платежное поручение
Номер=1096
Дата=14.02.2026
Сумма=2108.16
Плательщик=Розничныи покупатель (экваиринг)
ПлательщикСчет=40702810000000099999
ПлательщикИНН=
Получатель=Наша организация
ПолучательСчет=40802810000000012345
ПолучательИНН=0000000000
НазначениеПлатежа=Оплата товара, экваиринг
КонецДокумента
СекцияДокумент=Платежное поручение
Номер=1097
Дата=14.02.2026
Сумма=3517.61
Плательщик=Розничныи покупатель (экваиринг)
ПлательщикСчет=40702810000000099999
ПлательщикИНН=
Получатель=Наша организация
ПолучательСчет=40802810000000012345
ПолучательИНН=0000000000
НазначениеПлатежа=Оплата товара, экваиринг
КонецДокумента
СекцияДокумент=Платежное поручение
Номер=1098
Дата=15.02.2026
Сумма=12000.00
Плательщик=Наша организация
ПлательщикСчет=40802810000000012345
ПлательщикИНН=0000000000
Получатель=Банк «Кредитныи»
ПолучательСчет=40702810000000099999
ПолучательИНН=7709998887
НазначениеПлатежа=Платеж по кредиту, договор №445
КонецДокумента
СекцияДокумент=Платежное поручение
Номер=1099
Дата=15.02.2026
Сумма=3435.05
Плательщик=Розничныи покупатель (экваиринг)
ПлательщикСчет=40702810000000099999
ПлательщикИНН=
Получатель=Наша организация
ПолучательСчет=40802810000000012345
ПолучательИНН=0000000000
НазначениеПлатежа=Оплата товара, экваиринг
КонецДокумента
СекцияДокумент=Платежное поручение
Номер=1100
Дата=15.02.2026
Сумма=4248.32
Плательщик=Розничныи покупатель (экваиринг)
ПлательщикСчет=40702810000000099999
ПлательщикИНН=
Получатель=Наша организация
ПолучательСчет=40802810000000012345
ПолучательИНН=0000000000
НазначениеПлатежа=Оплата товара, экваиринг
КонецДокумента
СекцияДокумент=Платежное поручение
Номер=1101
Дата=16.02.2026
Сумма=3711.64
Плательщик=Розничныи покупатель (экваиринг)
ПлательщикСчет=40702810000000099999
ПлательщикИНН=
Получатель=Наша организация
ПолучательСчет=40802810000000012345
ПолучательИНН=0000000000
НазначениеПлатежа=Оплата товара, экваиринг
КонецДокумента
СекцияДокумент=Платежное поручение
Номер=1102
Дата=16.02.2026
Сумма=2818.28
Плательщик=Розничныи покупатель (экваиринг)
ПлательщикСчет=40702810000000099999
ПлательщикИНН=
Получатель=Наша организация
ПолучательСчет=40802810000000012345
ПолучательИНН=0000000000
НазначениеПлатежа=Оплата товара, экваиринг
КонецДокумента
СекцияДокумент=Платежное поручение
Номер=1103
Дата=17.02.2026
Сумма=1867.91
Плательщик=Розничныи покупатель (экваиринг)
ПлательщикСчет=40702810000000099999
ПлательщикИНН=
Получатель=Наша организация
ПолучательСчет=40802810000000012345
ПолучательИНН=0000000000
НазначениеПлатежа=Оплата товара, экваиринг
КонецДокумента
СекцияДокумент=Платежное поручение
Номер=1104
Дата=17.02.2026
Сумма=1910.63
Плательщик=Розничныи покупатель (экваиринг)
ПлательщикСчет=40702810000000099999
ПлательщикИНН=
Получатель=Наша организация
ПолучательСчет=40802810000000012345
ПолучательИНН=0000000000
НазначениеПлатежа=Оплата товара, экваиринг
КонецДокумента
СекцияДокумент=Платежное поручение
Номер=1105
Дата=18.02.2026
Сумма=3206.48
Плательщик=Розничныи покупатель (экваиринг)
ПлательщикСчет=40702810000000099999
ПлательщикИНН=
Получатель=Наша организация
ПолучательСчет=40802810000000012345
ПолучательИНН=0000000000
НазначениеПлатежа=Оплата товара, экваиринг
КонецДокумента
СекцияДокумент=Платежное поручение
Номер=1106
Дата=18.02.2026
Сумма=1414.71
Плательщик=Розничныи покупатель (экваиринг)
ПлательщикСчет=40702810000000099999
ПлательщикИНН=
Получатель=Наша организация
ПолучательСчет=40802810000000012345
ПолучательИНН=0000000000
НазначениеПлатежа=Оплата товара, экваиринг
КонецДокумента
СекцияДокумент=Платежное поручение
Номер=1107
Дата=19.02.2026
Сумма=3135.80
Плательщик=Розничныи покупатель (экваиринг)
ПлательщикСчет=40702810000000099999
ПлательщикИНН=
Получатель=Наша организация
ПолучательСчет=40802810000000012345
ПолучательИНН=0000000000
НазначениеПлатежа=Оплата товара, экваиринг
КонецДокумента
СекцияДокумент=Платежное поручение
Номер=1108
Дата=19.02.2026
Сумма=4226.01
Плательщик=Розничныи покупатель (экваиринг)
ПлательщикСчет=40702810000000099999
ПлательщикИНН=
Получатель=Наша организация
ПолучательСчет=40802810000000012345
ПолучательИНН=0000000000
НазначениеПлатежа=Оплата товара, экваиринг
КонецДокумента
СекцияДокумент=Платежное поручение
Номер=1109
Дата=20.02.2026
Сумма=2131.87
Плательщик=Розничныи покупатель (экваиринг)
ПлательщикСчет=40702810000000099999
ПлательщикИНН=
Получатель=Наша организация
ПолучательСчет=40802810000000012345
ПолучательИНН=0000000000
НазначениеПлатежа=Оплата товара, экваиринг
КонецДокумента
СекцияДокумент=Платежное поручение
Номер=1110
Дата=20.02.2026
Сумма=2562.05
Плательщик=Розничныи покупатель (экваиринг)
ПлательщикСчет=40702810000000099999
ПлательщикИНН=
Получатель=Наша организация
ПолучательСчет=40802810000000012345
ПолучательИНН=0000000000
НазначениеПлатежа=Оплата товара, экваиринг
КонецДокумента
СекцияДокумент=Платежное поручение
Номер=1111
Дата=20.02.2026
Сумма=62088.28
Плательщик=Наша организация
ПлательщикСчет=40802810000000012345
ПлательщикИНН=0000000000
Получатель=Поставщик товаров ООО «Опторг»
ПолучательСчет=40702810000000099999
ПолучательИНН=5027001122
НазначениеПлатежа=Оплата поставки товара по счету
КонецДокумента
СекцияДокумент=Платежное поручение
Номер=1112
Дата=21.02.2026
Сумма=3800.76
Плательщик=Розничныи покупатель (экваиринг)
ПлательщикСчет=40702810000000099999
ПлательщикИНН=
Получатель=Наша организация
ПолучательСчет=40802810000000012345
ПолучательИНН=0000000000
НазначениеПлатежа=Оплата товара, экваиринг
КонецДокумента
СекцияДокумент=Платежное поручение
Номер=1113
Дата=21.02.2026
Сумма=1359.53
Плательщик=Розничныи покупатель (экваиринг)
ПлательщикСчет=40702810000000099999
ПлательщикИНН=
Получатель=Наша организация
ПолучательСчет=40802810000000012345
ПолучательИНН=0000000000
НазначениеПлатежа=Оплата товара, экваиринг
КонецДокумента
СекцияДокумент=Платежное поручение
Номер=1114
Дата=22.02.2026
Сумма=4464.76
Плательщик=Розничныи покупатель (экваиринг)
ПлательщикСчет=40702810000000099999
ПлательщикИНН=
Получатель=Наша организация
ПолучательСчет=40802810000000012345
ПолучательИНН=0000000000
НазначениеПлатежа=Оплата товара, экваиринг
КонецДокумента
СекцияДокумент=Платежное поручение
Номер=1115
Дата=22.02.2026
Сумма=2992.70
Плательщик=Розничныи покупатель (экваиринг)
ПлательщикСчет=40702810000000099999
ПлательщикИНН=
Получатель=Наша организация
ПолучательСчет=40802810000000012345
ПолучательИНН=0000000000
НазначениеПлатежа=Оплата товара, экваиринг
КонецДокумента
СекцияДокумент=Платежное поручение
Номер=1116
Дата=23.02.2026
Сумма=3648.41
Плательщик=Розничныи покупатель (экваиринг)
ПлательщикСчет=40702810000000099999
ПлательщикИНН=
Получатель=Наша организация
ПолучательСчет=40802810000000012345
ПолучательИНН=0000000000
НазначениеПлатежа=Оплата товара, экваиринг
КонецДокумента
СекцияДокумент=Платежное поручение
Номер=1117
Дата=23.02.2026
Сумма=2415.12
Плательщик=Розничныи покупатель (экваиринг)
ПлательщикСчет=40702810000000099999
ПлательщикИНН=
Получатель=Наша организация
ПолучательСчет=40802810000000012345
ПолучательИНН=0000000000
НазначениеПлатежа=Оплата товара, экваиринг
КонецДокумента
СекцияДокумент=Платежное поручение
Номер=1118
Дата=24.02.2026
Сумма=2164.66
Плательщик=Розничныи покупатель (экваиринг)
ПлательщикСчет=40702810000000099999
ПлательщикИНН=
Получатель=Наша организация
ПолучательСчет=40802810000000012345
ПолучательИНН=0000000000
НазначениеПлатежа=Оплата товара, экваиринг
КонецДокумента
СекцияДокумент=Платежное поручение
Номер=1119
Дата=24.02.2026
Сумма=2212.49
Плательщик=Розничныи покупатель (экваиринг)
ПлательщикСчет=40702810000000099999
ПлательщикИНН=
Получатель=Наша организация
ПолучательСчет=40802810000000012345
ПолучательИНН=0000000000
НазначениеПлатежа=Оплата товара, экваиринг
КонецДокумента
СекцияДокумент=Платежное поручение
Номер=1120
Дата=25.02.2026
Сумма=1144.54
Плательщик=Розничныи покупатель (экваиринг)
ПлательщикСчет=40702810000000099999
ПлательщикИНН=
Получатель=Наша организация
ПолучательСчет=40802810000000012345
ПолучательИНН=0000000000
НазначениеПлатежа=Оплата товара, экваиринг
КонецДокумента
СекцияДокумент=Платежное поручение
Номер=1121
Дата=25.02.2026
Сумма=2074.49
Плательщик=Розничныи покупатель (экваиринг)
ПлательщикСчет=40702810000000099999
ПлательщикИНН=
Получатель=Наша организация
ПолучательСчет=40802810000000012345
ПолучательИНН=0000000000
НазначениеПлатежа=Оплата товара, экваиринг
КонецДокумента
СекцияДокумент=Платежное поручение
Номер=1122
Дата=25.02.2026
Сумма=65000.00
Плательщик=Наша организация
ПлательщикСчет=40802810000000012345
ПлательщикИНН=0000000000
Получатель=Иванова А.С.
ПолучательСчет=40702810000000099999
ПолучательИНН=
НазначениеПлатежа=Зарплата продавцу за месяц
КонецДокумента
СекцияДокумент=Платежное поручение
Номер=1123
Дата=26.02.2026
Сумма=3808.61
Плательщик=Розничныи покупатель (экваиринг)
ПлательщикСчет=40702810000000099999
ПлательщикИНН=
Получатель=Наша организация
ПолучательСчет=40802810000000012345
ПолучательИНН=0000000000
НазначениеПлатежа=Оплата товара, экваиринг
КонецДокумента
СекцияДокумент=Платежное поручение
Номер=1124
Дата=26.02.2026
Сумма=2870.97
Плательщик=Розничныи покупатель (экваиринг)
ПлательщикСчет=40702810000000099999
ПлательщикИНН=
Получатель=Наша организация
ПолучательСчет=40802810000000012345
ПолучательИНН=0000000000
НазначениеПлатежа=Оплата товара, экваиринг
КонецДокумента
СекцияДокумент=Платежное поручение
Номер=1125
Дата=27.02.2026
Сумма=3579.78
Плательщик=Розничныи покупатель (экваиринг)
ПлательщикСчет=40702810000000099999
ПлательщикИНН=
Получатель=Наша организация
ПолучательСчет=40802810000000012345
ПолучательИНН=0000000000
НазначениеПлатежа=Оплата товара, экваиринг
КонецДокумента
СекцияДокумент=Платежное поручение
Номер=1126
Дата=27.02.2026
Сумма=4360.68
Плательщик=Розничныи покупатель (экваиринг)
ПлательщикСчет=40702810000000099999
ПлательщикИНН=
Получатель=Наша организация
ПолучательСчет=40802810000000012345
ПолучательИНН=0000000000
НазначениеПлатежа=Оплата товара, экваиринг
КонецДокумента
СекцияДокумент=Платежное поручение
Номер=1127
Дата=28.02.2026
Сумма=1619.85
Плательщик=Розничныи покупатель (экваиринг)
ПлательщикСчет=40702810000000099999
ПлательщикИНН=
Получатель=Наша организация
ПолучательСчет=40802810000000012345
ПолучательИНН=0000000000
НазначениеПлатежа=Оплата товара, экваиринг
КонецДокумента
СекцияДокумент=Платежное поручение
Номер=1128
Дата=28.02.2026
Сумма=2294.91
Плательщик=Розничныи покупатель (экваиринг)
ПлательщикСчет=40702810000000099999
ПлательщикИНН=
Получатель=Наша организация
ПолучательСчет=40802810000000012345
ПолучательИНН=0000000000
НазначениеПлатежа=Оплата товара, экваиринг
КонецДокумента
СекцияДокумент=Платежное поручение
Номер=1129
Дата=01.03.2026
Сумма=5194.76
Плательщик=Розничныи покупатель (экваиринг)
ПлательщикСчет=40702810000000099999
ПлательщикИНН=
Получатель=Наша организация
ПолучательСчет=40802810000000012345
ПолучательИНН=0000000000
НазначениеПлатежа=Оплата товара, экваиринг
КонецДокумента
СекцияДокумент=Платежное поручение
Номер=1130
Дата=01.03.2026
Сумма=5198.71
Плательщик=Розничныи покупатель (экваиринг)
ПлательщикСчет=40702810000000099999
ПлательщикИНН=
Получатель=Наша организация
ПолучательСчет=40802810000000012345
ПолучательИНН=0000000000
НазначениеПлатежа=Оплата товара, экваиринг
КонецДокумента
СекцияДокумент=Платежное поручение
Номер=1131
Дата=02.03.2026
Сумма=4948.61
Плательщик=Розничныи покупатель (экваиринг)
ПлательщикСчет=40702810000000099999
ПлательщикИНН=
Получатель=Наша организация
ПолучательСчет=40802810000000012345
ПолучательИНН=0000000000
НазначениеПлатежа=Оплата товара, экваиринг
КонецДокумента
СекцияДокумент=Платежное поручение
Номер=1132
Дата=02.03.2026
Сумма=1850.18
Плательщик=Розничныи покупатель (экваиринг)
ПлательщикСчет=40702810000000099999
ПлательщикИНН=
Получатель=Наша организация
ПолучательСчет=40802810000000012345
ПолучательИНН=0000000000
НазначениеПлатежа=Оплата товара, экваиринг
КонецДокумента
СекцияДокумент=Платежное поручение
Номер=1133
Дата=03.03.2026
Сумма=2586.51
Плательщик=Розничныи покупатель (экваиринг)
ПлательщикСчет=40702810000000099999
ПлательщикИНН=
Получатель=Наша организация
ПолучательСчет=40802810000000012345
ПолучательИНН=0000000000
НазначениеПлатежа=Оплата товара, экваиринг
КонецДокумента
СекцияДокумент=Платежное поручение
Номер=1134
Дата=03.03.2026
Сумма=4868.69
Плательщик=Розничныи покупатель (экваиринг)
ПлательщикСчет=40702810000000099999
ПлательщикИНН=
Получатель=Наша организация
ПолучательСчет=40802810000000012345
ПолучательИНН=0000000000
НазначениеПлатежа=Оплата товара, экваиринг
КонецДокумента
СекцияДокумент=Платежное поручение
Номер=1135
Дата=04.03.2026
Сумма=1527.79
Плательщик=Розничныи покупатель (экваиринг)
ПлательщикСчет=40702810000000099999
ПлательщикИНН=
Получатель=Наша организация
ПолучательСчет=40802810000000012345
ПолучательИНН=0000000000
НазначениеПлатежа=Оплата товара, экваиринг
КонецДокумента
СекцияДокумент=Платежное поручение
Номер=1136
Дата=04.03.2026
Сумма=1734.30
Плательщик=Розничныи покупатель (экваиринг)
ПлательщикСчет=40702810000000099999
ПлательщикИНН=
Получатель=Наша организация
ПолучательСчет=40802810000000012345
ПолучательИНН=0000000000
НазначениеПлатежа=Оплата товара, экваиринг
КонецДокумента
СекцияДокумент=Платежное поручение
Номер=1137
Дата=05.03.2026
Сумма=90000.00
Плательщик=Наша организация
ПлательщикСчет=40802810000000012345
ПлательщикИНН=0000000000
Получатель=Арендодатель ООО «Пассаж»
ПолучательСчет=40702810000000099999
ПолучательИНН=7701234567
НазначениеПлатежа=Аренда торговои точки
КонецДокумента
СекцияДокумент=Платежное поручение
Номер=1138
Дата=05.03.2026
Сумма=3830.74
Плательщик=Розничныи покупатель (экваиринг)
ПлательщикСчет=40702810000000099999
ПлательщикИНН=
Получатель=Наша организация
ПолучательСчет=40802810000000012345
ПолучательИНН=0000000000
НазначениеПлатежа=Оплата товара, экваиринг
КонецДокумента
СекцияДокумент=Платежное поручение
Номер=1139
Дата=05.03.2026
Сумма=3420.44
Плательщик=Розничныи покупатель (экваиринг)
ПлательщикСчет=40702810000000099999
ПлательщикИНН=
Получатель=Наша организация
ПолучательСчет=40802810000000012345
ПолучательИНН=0000000000
НазначениеПлатежа=Оплата товара, экваиринг
КонецДокумента
СекцияДокумент=Платежное поручение
Номер=1140
Дата=06.03.2026
Сумма=2227.47
Плательщик=Розничныи покупатель (экваиринг)
ПлательщикСчет=40702810000000099999
ПлательщикИНН=
Получатель=Наша организация
ПолучательСчет=40802810000000012345
ПолучательИНН=0000000000
НазначениеПлатежа=Оплата товара, экваиринг
КонецДокумента
СекцияДокумент=Платежное поручение
Номер=1141
Дата=06.03.2026
Сумма=2403.06
Плательщик=Розничныи покупатель (экваиринг)
ПлательщикСчет=40702810000000099999
ПлательщикИНН=
Получатель=Наша организация
ПолучательСчет=40802810000000012345
ПолучательИНН=0000000000
НазначениеПлатежа=Оплата товара, экваиринг
КонецДокумента
СекцияДокумент=Платежное поручение
Номер=1142
Дата=07.03.2026
Сумма=2228.33
Плательщик=Розничныи покупатель (экваиринг)
ПлательщикСчет=40702810000000099999
ПлательщикИНН=
Получатель=Наша организация
ПолучательСчет=40802810000000012345
ПолучательИНН=0000000000
НазначениеПлатежа=Оплата товара, экваиринг
КонецДокумента
СекцияДокумент=Платежное поручение
Номер=1143
Дата=07.03.2026
Сумма=1684.16
Плательщик=Розничныи покупатель (экваиринг)
ПлательщикСчет=40702810000000099999
ПлательщикИНН=
Получатель=Наша организация
ПолучательСчет=40802810000000012345
ПолучательИНН=0000000000
НазначениеПлатежа=Оплата товара, экваиринг
КонецДокумента
СекцияДокумент=Платежное поручение
Номер=1144
Дата=08.03.2026
Сумма=3436.23
Плательщик=Розничныи покупатель (экваиринг)
ПлательщикСчет=40702810000000099999
ПлательщикИНН=
Получатель=Наша организация
ПолучательСчет=40802810000000012345
ПолучательИНН=0000000000
НазначениеПлатежа=Оплата товара, экваиринг
КонецДокумента
СекцияДокумент=Платежное поручение
Номер=1145
Дата=08.03.2026
Сумма=1940.13
Плательщик=Розничныи покупатель (экваиринг)
ПлательщикСчет=40702810000000099999
ПлательщикИНН=
Получатель=Наша организация
ПолучательСчет=40802810000000012345
ПолучательИНН=0000000000
НазначениеПлатежа=Оплата товара, экваиринг
КонецДокумента
СекцияДокумент=Платежное поручение
Номер=1146
Дата=09.03.2026
Сумма=3760.78
Плательщик=Розничныи покупатель (экваиринг)
ПлательщикСчет=40702810000000099999
ПлательщикИНН=
Получатель=Наша организация
ПолучательСчет=40802810000000012345
ПолучательИНН=0000000000
НазначениеПлатежа=Оплата товара, экваиринг
КонецДокумента
СекцияДокумент=Платежное поручение
Номер=1147
Дата=09.03.2026
Сумма=5291.16
Плательщик=Розничныи покупатель (экваиринг)
ПлательщикСчет=40702810000000099999
ПлательщикИНН=
Получатель=Наша организация
ПолучательСчет=40802810000000012345
ПолучательИНН=0000000000
НазначениеПлатежа=Оплата товара, экваиринг
КонецДокумента
СекцияДокумент=Платежное поручение
Номер=1148
Дата=10.03.2026
Сумма=41198.57
Плательщик=Наша организация
ПлательщикСчет=40802810000000012345
ПлательщикИНН=0000000000
Получатель=Поставщик товаров ООО «Опторг»
ПолучательСчет=40702810000000099999
ПолучательИНН=5027001122
НазначениеПлатежа=Оплата поставки товара по счету
КонецДокумента
СекцияДокумент=Платежное поручение
Номер=1149
Дата=10.03.2026
Сумма=3732.29
Плательщик=Розничныи покупатель (экваиринг)
ПлательщикСчет=40702810000000099999
ПлательщикИНН=
Получатель=Наша организация
ПолучательСчет=40802810000000012345
ПолучательИНН=0000000000
НазначениеПлатежа=Оплата товара, экваиринг
КонецДокумента
СекцияДокумент=Платежное поручение
Номер=1150
Дата=10.03.2026
Сумма=1351.27
Плательщик=Розничныи покупатель (экваиринг)
ПлательщикСчет=40702810000000099999
ПлательщикИНН=
Получатель=Наша организация
ПолучательСчет=40802810000000012345
ПолучательИНН=0000000000
НазначениеПлатежа=Оплата товара, экваиринг
КонецДокумента
СекцияДокумент=Платежное поручение
Номер=1151
Дата=11.03.2026
Сумма=1856.15
Плательщик=Розничныи покупатель (экваиринг)
ПлательщикСчет=40702810000000099999
ПлательщикИНН=
Получатель=Наша организация
ПолучательСчет=40802810000000012345
ПолучательИНН=0000000000
НазначениеПлатежа=Оплата товара, экваиринг
КонецДокумента
СекцияДокумент=Платежное поручение
Номер=1152
Дата=11.03.2026
Сумма=1730.43
Плательщик=Розничныи покупатель (экваиринг)
ПлательщикСчет=40702810000000099999
ПлательщикИНН=
Получатель=Наша организация
ПолучательСчет=40802810000000012345
ПолучательИНН=0000000000
НазначениеПлатежа=Оплата товара, экваиринг
КонецДокумента
СекцияДокумент=Платежное поручение
Номер=1153
Дата=12.03.2026
Сумма=1790.27
Плательщик=Розничныи покупатель (экваиринг)
ПлательщикСчет=40702810000000099999
ПлательщикИНН=
Получатель=Наша организация
ПолучательСчет=40802810000000012345
ПолучательИНН=0000000000
НазначениеПлатежа=Оплата товара, экваиринг
КонецДокумента
СекцияДокумент=Платежное поручение
Номер=1154
Дата=12.03.2026
Сумма=4163.65
Плательщик=Розничныи покупатель (экваиринг)
ПлательщикСчет=40702810000000099999
ПлательщикИНН=
Получатель=Наша организация
ПолучательСчет=40802810000000012345
ПолучательИНН=0000000000
НазначениеПлатежа=Оплата товара, экваиринг
КонецДокумента
СекцияДокумент=Платежное поручение
Номер=1155
Дата=13.03.2026
Сумма=5115.69
Плательщик=Розничныи покупатель (экваиринг)
ПлательщикСчет=40702810000000099999
ПлательщикИНН=
Получатель=Наша организация
ПолучательСчет=40802810000000012345
ПолучательИНН=0000000000
НазначениеПлатежа=Оплата товара, экваиринг
КонецДокумента
СекцияДокумент=Платежное поручение
Номер=1156
Дата=13.03.2026
Сумма=2569.68
Плательщик=Розничныи покупатель (экваиринг)
ПлательщикСчет=40702810000000099999
ПлательщикИНН=
Получатель=Наша организация
ПолучательСчет=40802810000000012345
ПолучательИНН=0000000000
НазначениеПлатежа=Оплата товара, экваиринг
КонецДокумента
СекцияДокумент=Платежное поручение
Номер=1157
Дата=14.03.2026
Сумма=1381.31
Плательщик=Розничныи покупатель (экваиринг)
ПлательщикСчет=40702810000000099999
ПлательщикИНН=
Получатель=Наша организация
ПолучательСчет=40802810000000012345
ПолучательИНН=0000000000
НазначениеПлатежа=Оплата товара, экваиринг
КонецДокумента
СекцияДокумент=Платежное поручение
Номер=1158
Дата=14.03.2026
Сумма=1554.70
Плательщик=Розничныи покупатель (экваиринг)
ПлательщикСчет=40702810000000099999
ПлательщикИНН=
Получатель=Наша организация
ПолучательСчет=40802810000000012345
ПолучательИНН=0000000000
НазначениеПлатежа=Оплата товара, экваиринг
КонецДокумента
СекцияДокумент=Платежное поручение
Номер=1159
Дата=15.03.2026
Сумма=12000.00
Плательщик=Наша организация
ПлательщикСчет=40802810000000012345
ПлательщикИНН=0000000000
Получатель=Банк «Кредитныи»
ПолучательСчет=40702810000000099999
ПолучательИНН=7709998887
НазначениеПлатежа=Платеж по кредиту, договор №445
КонецДокумента
СекцияДокумент=Платежное поручение
Номер=1160
Дата=15.03.2026
Сумма=4326.09
Плательщик=Розничныи покупатель (экваиринг)
ПлательщикСчет=40702810000000099999
ПлательщикИНН=
Получатель=Наша организация
ПолучательСчет=40802810000000012345
ПолучательИНН=0000000000
НазначениеПлатежа=Оплата товара, экваиринг
КонецДокумента
СекцияДокумент=Платежное поручение
Номер=1161
Дата=15.03.2026
Сумма=1850.28
Плательщик=Розничныи покупатель (экваиринг)
ПлательщикСчет=40702810000000099999
ПлательщикИНН=
Получатель=Наша организация
ПолучательСчет=40802810000000012345
ПолучательИНН=0000000000
НазначениеПлатежа=Оплата товара, экваиринг
КонецДокумента
СекцияДокумент=Платежное поручение
Номер=1162
Дата=16.03.2026
Сумма=1731.47
Плательщик=Розничныи покупатель (экваиринг)
ПлательщикСчет=40702810000000099999
ПлательщикИНН=
Получатель=Наша организация
ПолучательСчет=40802810000000012345
ПолучательИНН=0000000000
НазначениеПлатежа=Оплата товара, экваиринг
КонецДокумента
СекцияДокумент=Платежное поручение
Номер=1163
Дата=16.03.2026
Сумма=2117.18
Плательщик=Розничныи покупатель (экваиринг)
ПлательщикСчет=40702810000000099999
ПлательщикИНН=
Получатель=Наша организация
ПолучательСчет=40802810000000012345
ПолучательИНН=0000000000
НазначениеПлатежа=Оплата товара, экваиринг
КонецДокумента
СекцияДокумент=Платежное поручение
Номер=1164
Дата=17.03.2026
Сумма=5136.99
Плательщик=Розничныи покупатель (экваиринг)
ПлательщикСчет=40702810000000099999
ПлательщикИНН=
Получатель=Наша организация
ПолучательСчет=40802810000000012345
ПолучательИНН=0000000000
НазначениеПлатежа=Оплата товара, экваиринг
КонецДокумента
СекцияДокумент=Платежное поручение
Номер=1165
Дата=17.03.2026
Сумма=5036.59
Плательщик=Розничныи покупатель (экваиринг)
ПлательщикСчет=40702810000000099999
ПлательщикИНН=
Получатель=Наша организация
ПолучательСчет=40802810000000012345
ПолучательИНН=0000000000
НазначениеПлатежа=Оплата товара, экваиринг
КонецДокумента
СекцияДокумент=Платежное поручение
Номер=1166
Дата=18.03.2026
Сумма=4735.66
Плательщик=Розничныи покупатель (экваиринг)
ПлательщикСчет=40702810000000099999
ПлательщикИНН=
Получатель=Наша организация
ПолучательСчет=40802810000000012345
ПолучательИНН=0000000000
НазначениеПлатежа=Оплата товара, экваиринг
КонецДокумента
СекцияДокумент=Платежное поручение
Номер=1167
Дата=18.03.2026
Сумма=4554.79
Плательщик=Розничныи покупатель (экваиринг)
ПлательщикСчет=40702810000000099999
ПлательщикИНН=
Получатель=Наша организация
ПолучательСчет=40802810000000012345
ПолучательИНН=0000000000
НазначениеПлатежа=Оплата товара, экваиринг
КонецДокумента
СекцияДокумент=Платежное поручение
Номер=1168
Дата=19.03.2026
Сумма=4087.91
Плательщик=Розничныи покупатель (экваиринг)
ПлательщикСчет=40702810000000099999
ПлательщикИНН=
Получатель=Наша организация
ПолучательСчет=40802810000000012345
ПолучательИНН=0000000000
НазначениеПлатежа=Оплата товара, экваиринг
КонецДокумента
СекцияДокумент=Платежное поручение
Номер=1169
Дата=19.03.2026
Сумма=3279.07
Плательщик=Розничныи покупатель (экваиринг)
ПлательщикСчет=40702810000000099999
ПлательщикИНН=
Получатель=Наша организация
ПолучательСчет=40802810000000012345
ПолучательИНН=0000000000
НазначениеПлатежа=Оплата товара, экваиринг
КонецДокумента
СекцияДокумент=Платежное поручение
Номер=1170
Дата=20.03.2026
Сумма=3621.49
Плательщик=Розничныи покупатель (экваиринг)
ПлательщикСчет=40702810000000099999
ПлательщикИНН=
Получатель=Наша организация
ПолучательСчет=40802810000000012345
ПолучательИНН=0000000000
НазначениеПлатежа=Оплата товара, экваиринг
КонецДокумента
СекцияДокумент=Платежное поручение
Номер=1171
Дата=20.03.2026
Сумма=1768.85
Плательщик=Розничныи покупатель (экваиринг)
ПлательщикСчет=40702810000000099999
ПлательщикИНН=
Получатель=Наша организация
ПолучательСчет=40802810000000012345
ПолучательИНН=0000000000
НазначениеПлатежа=Оплата товара, экваиринг
КонецДокумента
СекцияДокумент=Платежное поручение
Номер=1172
Дата=20.03.2026
Сумма=49576.93
Плательщик=Наша организация
ПлательщикСчет=40802810000000012345
ПлательщикИНН=0000000000
Получатель=Поставщик товаров ООО «Опторг»
ПолучательСчет=40702810000000099999
ПолучательИНН=5027001122
НазначениеПлатежа=Оплата поставки товара по счету
КонецДокумента
СекцияДокумент=Платежное поручение
Номер=1173
Дата=21.03.2026
Сумма=5178.05
Плательщик=Розничныи покупатель (экваиринг)
ПлательщикСчет=40702810000000099999
ПлательщикИНН=
Получатель=Наша организация
ПолучательСчет=40802810000000012345
ПолучательИНН=0000000000
НазначениеПлатежа=Оплата товара, экваиринг
КонецДокумента
СекцияДокумент=Платежное поручение
Номер=1174
Дата=21.03.2026
Сумма=5249.24
Плательщик=Розничныи покупатель (экваиринг)
ПлательщикСчет=40702810000000099999
ПлательщикИНН=
Получатель=Наша организация
ПолучательСчет=40802810000000012345
ПолучательИНН=0000000000
НазначениеПлатежа=Оплата товара, экваиринг
КонецДокумента
СекцияДокумент=Платежное поручение
Номер=1175
Дата=22.03.2026
Сумма=3398.90
Плательщик=Розничныи покупатель (экваиринг)
ПлательщикСчет=40702810000000099999
ПлательщикИНН=
Получатель=Наша организация
ПолучательСчет=40802810000000012345
ПолучательИНН=0000000000
НазначениеПлатежа=Оплата товара, экваиринг
КонецДокумента
СекцияДокумент=Платежное поручение
Номер=1176
Дата=22.03.2026
Сумма=4337.03
Плательщик=Розничныи покупатель (экваиринг)
ПлательщикСчет=40702810000000099999
ПлательщикИНН=
Получатель=Наша организация
ПолучательСчет=40802810000000012345
ПолучательИНН=0000000000
НазначениеПлатежа=Оплата товара, экваиринг
КонецДокумента
СекцияДокумент=Платежное поручение
Номер=1177
Дата=23.03.2026
Сумма=4265.15
Плательщик=Розничныи покупатель (экваиринг)
ПлательщикСчет=40702810000000099999
ПлательщикИНН=
Получатель=Наша организация
ПолучательСчет=40802810000000012345
ПолучательИНН=0000000000
НазначениеПлатежа=Оплата товара, экваиринг
КонецДокумента
СекцияДокумент=Платежное поручение
Номер=1178
Дата=23.03.2026
Сумма=3271.77
Плательщик=Розничныи покупатель (экваиринг)
ПлательщикСчет=40702810000000099999
ПлательщикИНН=
Получатель=Наша организация
ПолучательСчет=40802810000000012345
ПолучательИНН=0000000000
НазначениеПлатежа=Оплата товара, экваиринг
КонецДокумента
СекцияДокумент=Платежное поручение
Номер=1179
Дата=24.03.2026
Сумма=4871.11
Плательщик=Розничныи покупатель (экваиринг)
ПлательщикСчет=40702810000000099999
ПлательщикИНН=
Получатель=Наша организация
ПолучательСчет=40802810000000012345
ПолучательИНН=0000000000
НазначениеПлатежа=Оплата товара, экваиринг
КонецДокумента
СекцияДокумент=Платежное поручение
Номер=1180
Дата=24.03.2026
Сумма=3455.51
Плательщик=Розничныи покупатель (экваиринг)
ПлательщикСчет=40702810000000099999
ПлательщикИНН=
Получатель=Наша организация
ПолучательСчет=40802810000000012345
ПолучательИНН=0000000000
НазначениеПлатежа=Оплата товара, экваиринг
КонецДокумента
СекцияДокумент=Платежное поручение
Номер=1181
Дата=25.03.2026
Сумма=65000.00
Плательщик=Наша организация
ПлательщикСчет=40802810000000012345
ПлательщикИНН=0000000000
Получатель=Иванова А.С.
ПолучательСчет=40702810000000099999
ПолучательИНН=
НазначениеПлатежа=Зарплата продавцу за месяц
КонецДокумента
СекцияДокумент=Платежное поручение
Номер=1182
Дата=25.03.2026
Сумма=5240.31
Плательщик=Розничныи покупатель (экваиринг)
ПлательщикСчет=40702810000000099999
ПлательщикИНН=
Получатель=Наша организация
ПолучательСчет=40802810000000012345
ПолучательИНН=0000000000
НазначениеПлатежа=Оплата товара, экваиринг
КонецДокумента
СекцияДокумент=Платежное поручение
Номер=1183
Дата=25.03.2026
Сумма=4324.37
Плательщик=Розничныи покупатель (экваиринг)
ПлательщикСчет=40702810000000099999
ПлательщикИНН=
Получатель=Наша организация
ПолучательСчет=40802810000000012345
ПолучательИНН=0000000000
НазначениеПлатежа=Оплата товара, экваиринг
КонецДокумента
СекцияДокумент=Платежное поручение
Номер=1184
Дата=26.03.2026
Сумма=2370.71
Плательщик=Розничныи покупатель (экваиринг)
ПлательщикСчет=40702810000000099999
ПлательщикИНН=
Получатель=Наша организация
ПолучательСчет=40802810000000012345
ПолучательИНН=0000000000
НазначениеПлатежа=Оплата товара, экваиринг
КонецДокумента
СекцияДокумент=Платежное поручение
Номер=1185
Дата=26.03.2026
Сумма=2016.11
Плательщик=Розничныи покупатель (экваиринг)
ПлательщикСчет=40702810000000099999
ПлательщикИНН=
Получатель=Наша организация
ПолучательСчет=40802810000000012345
ПолучательИНН=0000000000
НазначениеПлатежа=Оплата товара, экваиринг
КонецДокумента
СекцияДокумент=Платежное поручение
Номер=1186
Дата=27.03.2026
Сумма=3699.24
Плательщик=Розничныи покупатель (экваиринг)
ПлательщикСчет=40702810000000099999
ПлательщикИНН=
Получатель=Наша организация
ПолучательСчет=40802810000000012345
ПолучательИНН=0000000000
НазначениеПлатежа=Оплата товара, экваиринг
КонецДокумента
СекцияДокумент=Платежное поручение
Номер=1187
Дата=27.03.2026
Сумма=2702.62
Плательщик=Розничныи покупатель (экваиринг)
ПлательщикСчет=40702810000000099999
ПлательщикИНН=
Получатель=Наша организация
ПолучательСчет=40802810000000012345
ПолучательИНН=0000000000
НазначениеПлатежа=Оплата товара, экваиринг
КонецДокумента
СекцияДокумент=Платежное поручение
Номер=1188
Дата=28.03.2026
Сумма=4300.73
Плательщик=Розничныи покупатель (экваиринг)
ПлательщикСчет=40702810000000099999
ПлательщикИНН=
Получатель=Наша организация
ПолучательСчет=40802810000000012345
ПолучательИНН=0000000000
НазначениеПлатежа=Оплата товара, экваиринг
КонецДокумента
СекцияДокумент=Платежное поручение
Номер=1189
Дата=28.03.2026
Сумма=2056.90
Плательщик=Розничныи покупатель (экваиринг)
ПлательщикСчет=40702810000000099999
ПлательщикИНН=
Получатель=Наша организация
ПолучательСчет=40802810000000012345
ПолучательИНН=0000000000
НазначениеПлатежа=Оплата товара, экваиринг
КонецДокумента
СекцияДокумент=Платежное поручение
Номер=1190
Дата=29.03.2026
Сумма=1530.01
Плательщик=Розничныи покупатель (экваиринг)
ПлательщикСчет=40702810000000099999
ПлательщикИНН=
Получатель=Наша организация
ПолучательСчет=40802810000000012345
ПолучательИНН=0000000000
НазначениеПлатежа=Оплата товара, экваиринг
КонецДокумента
СекцияДокумент=Платежное поручение
Номер=1191
Дата=29.03.2026
Сумма=1549.39
Плательщик=Розничныи покупатель (экваиринг)
ПлательщикСчет=40702810000000099999
ПлательщикИНН=
Получатель=Наша организация
ПолучательСчет=40802810000000012345
ПолучательИНН=0000000000
НазначениеПлатежа=Оплата товара, экваиринг
КонецДокумента
СекцияДокумент=Платежное поручение
Номер=1192
Дата=30.03.2026
Сумма=2824.33
Плательщик=Розничныи покупатель (экваиринг)
ПлательщикСчет=40702810000000099999
ПлательщикИНН=
Получатель=Наша организация
ПолучательСчет=40802810000000012345
ПолучательИНН=0000000000
НазначениеПлатежа=Оплата товара, экваиринг
КонецДокумента
СекцияДокумент=Платежное поручение
Номер=1193
Дата=30.03.2026
Сумма=3303.54
Плательщик=Розничныи покупатель (экваиринг)
ПлательщикСчет=40702810000000099999
ПлательщикИНН=
Получатель=Наша организация
ПолучательСчет=40802810000000012345
ПолучательИНН=0000000000
НазначениеПлатежа=Оплата товара, экваиринг
КонецДокумента
СекцияДокумент=Платежное поручение
Номер=1194
Дата=31.03.2026
Сумма=4738.16
Плательщик=Розничныи покупатель (экваиринг)
ПлательщикСчет=40702810000000099999
ПлательщикИНН=
Получатель=Наша организация
ПолучательСчет=40802810000000012345
ПолучательИНН=0000000000
НазначениеПлатежа=Оплата товара, экваиринг
КонецДокумента
СекцияДокумент=Платежное поручение
Номер=1195
Дата=31.03.2026
Сумма=4679.57
Плательщик=Розничныи покупатель (экваиринг)
ПлательщикСчет=40702810000000099999
ПлательщикИНН=
Получатель=Наша организация
ПолучательСчет=40802810000000012345
ПолучательИНН=0000000000
НазначениеПлатежа=Оплата товара, экваиринг
КонецДокумента
КонецФайла
