1CClientBankExchange
ВерсияФормата=1.03
Кодировка=Windows
РасчСчет=40802810000000012345
СекцияРасчСчет
РасчСчет=40802810000000012345
КонецРасчСчет
СекцияДокумент=Платежное поручение
Номер=1001
Дата=01.07.2026
Сумма=3740.66
Плательщик=Розничныи покупатель (экваиринг)
ПлательщикСчет=40702810000000099999
ПлательщикИНН=
Получатель=Наша организация
ПолучательСчет=40802810000000012345
ПолучательИНН=0000000000
НазначениеПлатежа=Оплата товара, экваиринг
КонецДокумента
СекцияДокумент=Платежное поручение
Номер=1002
Дата=01.07.2026
Сумма=2615.71
Плательщик=Розничныи покупатель (экваиринг)
ПлательщикСчет=40702810000000099999
ПлательщикИНН=
Получатель=Наша организация
ПолучательСчет=40802810000000012345
ПолучательИНН=0000000000
НазначениеПлатежа=Оплата товара, экваиринг
КонецДокумента
СекцияДокумент=Платежное поручение
Номер=1003
Дата=02.07.2026
Сумма=2399.07
Плательщик=Розничныи покупатель (экваиринг)
ПлательщикСчет=40702810000000099999
ПлательщикИНН=
Получатель=Наша организация
ПолучательСчет=40802810000000012345
ПолучательИНН=0000000000
НазначениеПлатежа=Оплата товара, экваиринг
КонецДокумента
СекцияДокумент=Платежное поручение
Номер=1004
Дата=02.07.2026
Сумма=1503.38
Плательщик=Розничныи покупатель (экваиринг)
ПлательщикСчет=40702810000000099999
ПлательщикИНН=
Получатель=Наша организация
ПолучательСчет=40802810000000012345
ПолучательИНН=0000000000
НазначениеПлатежа=Оплата товара, экваиринг
КонецДокумента
СекцияДокумент=Платежное поручение
Номер=1005
Дата=03.07.2026
Сумма=3729.07
Плательщик=Розничныи покупатель (экваиринг)
ПлательщикСчет=40702810000000099999
ПлательщикИНН=
Получатель=Наша организация
ПолучательСчет=40802810000000012345
ПолучательИНН=0000000000
НазначениеПлатежа=Оплата товара, экваиринг
КонецДокумента
СекцияДокумент=Платежное поручение
Номер=1006
Дата=03.07.2026
Сумма=4931.23
Плательщик=Розничныи покупатель (экваиринг)
ПлательщикСчет=40702810000000099999
ПлательщикИНН=
Получатель=Наша организация
ПолучательСчет=40802810000000012345
ПолучательИНН=0000000000
НазначениеПлатежа=Оплата товара, экваиринг
КонецДокумента
СекцияДокумент=Платежное поручение
Номер=1007
Дата=04.07.2026
Сумма=2562.23
Плательщик=Розничныи покупатель (экваиринг)
ПлательщикСчет=40702810000000099999
ПлательщикИНН=
Получатель=Наша организация
ПолучательСчет=40802810000000012345
ПолучательИНН=0000000000
НазначениеПлатежа=Оплата товара, экваиринг
КонецДокумента
СекцияДокумент=Платежное поручение
Номер=1008
Дата=04.07.2026
Сумма=4137.91
Плательщик=Розничныи покупатель (экваиринг)
ПлательщикСчет=40702810000000099999
ПлательщикИНН=
Получатель=Наша организация
ПолучательСчет=40802810000000012345
ПолучательИНН=0000000000
НазначениеПлатежа=Оплата товара, экваиринг
КонецДокумента
СекцияДокумент=Платежное поручение
Номер=1009
Дата=05.07.2026
Сумма=2228.50
Плательщик=Розничныи покупатель (экваиринг)
ПлательщикСчет=40702810000000099999
ПлательщикИНН=
Получатель=Наша организация
ПолучательСчет=40802810000000012345
ПолучательИНН=0000000000
НазначениеПлатежа=Оплата товара, экваиринг
КонецДокумента
СекцияДокумент=Платежное поручение
Номер=1010
Дата=05.07.2026
Сумма=90000.00
Плательщик=Наша организация
ПлательщикСчет=40802810000000012345
ПлательщикИНН=0000000000
Получатель=Арендодатель ООО «Пассаж»
ПолучательСчет=40702810000000099999
ПолучательИНН=7701234567
НазначениеПлатежа=Аренда торговои точки
КонецДокумента
СекцияДокумент=Платежное поручение
Номер=1011
Дата=05.07.2026
Сумма=5742.41
Плательщик=Розничныи покупатель (экваиринг)
ПлательщикСчет=40702810000000099999
ПлательщикИНН=
Получатель=Наша организация
ПолучательСчет=40802810000000012345
ПолучательИНН=0000000000
НазначениеПлатежа=Оплата товара, экваиринг
КонецДокумента
СекцияДокумент=Платежное поручение
Номер=1012
Дата=06.07.2026
Сумма=5985.88
Плательщик=Розничныи покупатель (экваиринг)
ПлательщикСчет=40702810000000099999
ПлательщикИНН=
Получатель=Наша организация
ПолучательСчет=40802810000000012345
ПолучательИНН=0000000000
НазначениеПлатежа=Оплата товара, экваиринг
КонецДокумента
СекцияДокумент=Платежное поручение
Номер=1013
Дата=06.07.2026
Сумма=3023.60
Плательщик=Розничныи покупатель (экваиринг)
ПлательщикСчет=40702810000000099999
ПлательщикИНН=
Получатель=Наша организация
ПолучательСчет=40802810000000012345
ПолучательИНН=0000000000
НазначениеПлатежа=Оплата товара, экваиринг
КонецДокумента
СекцияДокумент=Платежное поручение
Номер=1014
Дата=07.07.2026
Сумма=2383.35
Плательщик=Розничныи покупатель (экваиринг)
ПлательщикСчет=40702810000000099999
ПлательщикИНН=
Получатель=Наша организация
ПолучательСчет=40802810000000012345
ПолучательИНН=0000000000
НазначениеПлатежа=Оплата товара, экваиринг
КонецДокумента
СекцияДокумент=Платежное поручение
Номер=1015
Дата=07.07.2026
Сумма=3320.77
Плательщик=Розничныи покупатель (экваиринг)
ПлательщикСчет=40702810000000099999
ПлательщикИНН=
Получатель=Наша организация
ПолучательСчет=40802810000000012345
ПолучательИНН=0000000000
НазначениеПлатежа=Оплата товара, экваиринг
КонецДокумента
СекцияДокумент=Платежное поручение
Номер=1016
Дата=08.07.2026
Сумма=2160.57
Плательщик=Розничныи покупатель (экваиринг)
ПлательщикСчет=40702810000000099999
ПлательщикИНН=
Получатель=Наша организация
ПолучательСчет=40802810000000012345
ПолучательИНН=0000000000
НазначениеПлатежа=Оплата товара, экваиринг
КонецДокумента
СекцияДокумент=Платежное поручение
Номер=1017
Дата=08.07.2026
Сумма=3764.31
Плательщик=Розничныи покупатель (экваиринг)
ПлательщикСчет=40702810000000099999
ПлательщикИНН=
Получатель=Наша организация
ПолучательСчет=40802810000000012345
ПолучательИНН=0000000000
НазначениеПлатежа=Оплата товара, экваиринг
КонецДокумента
СекцияДокумент=Платежное поручение
Номер=1018
Дата=09.07.2026
Сумма=3782.90
Плательщик=Розничныи покупатель (экваиринг)
ПлательщикСчет=40702810000000099999
ПлательщикИНН=
Получатель=Наша организация
ПолучательСчет=40802810000000012345
ПолучательИНН=0000000000
НазначениеПлатежа=Оплата товара, экваиринг
КонецДокумента
СекцияДокумент=Платежное поручение
Номер=1019
Дата=09.07.2026
Сумма=3945.13
Плательщик=Розничныи покупатель (экваиринг)
ПлательщикСчет=40702810000000099999
ПлательщикИНН=
Получатель=Наша организация
ПолучательСчет=40802810000000012345
ПолучательИНН=0000000000
НазначениеПлатежа=Оплата товара, экваиринг
КонецДокумента
СекцияДокумент=Платежное поручение
Номер=1020
Дата=10.07.2026
Сумма=3071.29
Плательщик=Розничныи покупатель (экваиринг)
ПлательщикСчет=40702810000000099999
ПлательщикИНН=
Получатель=Наша организация
ПолучательСчет=40802810000000012345
ПолучательИНН=0000000000
НазначениеПлатежа=Оплата товара, экваиринг
КонецДокумента
СекцияДокумент=Платежное поручение
Номер=1021
Дата=10.07.2026
Сумма=5391.68
Плательщик=Розничныи покупатель (экваиринг)
ПлательщикСчет=40702810000000099999
ПлательщикИНН=
Получатель=Наша организация
ПолучательСчет=40802810000000012345
ПолучательИНН=0000000000
НазначениеПлатежа=Оплата товара, экваиринг
КонецДокумента
СекцияДокумент=Платежное поручение
Номер=1022
Дата=10.07.2026
Сумма=41116.83
Плательщик=Наша организация
ПлательщикСчет=40802810000000012345
ПлательщикИНН=0000000000
Получатель=Поставщик товаров ООО «Опторг»
ПолучательСчет=40702810000000099999
ПолучательИНН=5027001122
НазначениеПлатежа=Оплата поставки товара по счету
КонецДокумента
СекцияДокумент=Платежное поручение
Номер=1023
Дата=11.07.2026
Сумма=3248.97
Плательщик=Розничныи покупатель (экваиринг)
ПлательщикСчет=40702810000000099999
ПлательщикИНН=
Получатель=Наша организация
ПолучательСчет=40802810000000012345
ПолучательИНН=0000000000
НазначениеПлатежа=Оплата товара, экваиринг
КонецДокумента
СекцияДокумент=Платежное поручение
Номер=1024
Дата=11.07.2026
Сумма=3044.01
Плательщик=Розничныи покупатель (экваиринг)
ПлательщикСчет=40702810000000099999
ПлательщикИНН=
Получатель=Наша организация
ПолучательСчет=40802810000000012345
ПолучательИНН=0000000000
НазначениеПлатежа=Оплата товара, экваиринг
КонецДокумента
СекцияДокумент=Платежное поручение
Номер=1025
Дата=12.07.2026
Сумма=4554.72
Плательщик=Розничныи покупатель (экваиринг)
ПлательщикСчет=40702810000000099999
ПлательщикИНН=
Получатель=Наша организация
ПолучательСчет=40802810000000012345
ПолучательИНН=0000000000
НазначениеПлатежа=Оплата товара, экваиринг
КонецДокумента
СекцияДокумент=Платежное поручение
Номер=1026
Дата=12.07.2026
Сумма=3516.92
Плательщик=Розничныи покупатель (экваиринг)
ПлательщикСчет=40702810000000099999
ПлательщикИНН=
Получатель=Наша организация
ПолучательСчет=40802810000000012345
ПолучательИНН=0000000000
НазначениеПлатежа=Оплата товара, экваиринг
КонецДокумента
СекцияДокумент=Платежное поручение
Номер=1027
Дата=13.07.2026
Сумма=3679.35
Плательщик=Розничныи покупатель (экваиринг)
ПлательщикСчет=40702810000000099999
ПлательщикИНН=
Получатель=Наша организация
ПолучательСчет=40802810000000012345
ПолучательИНН=0000000000
НазначениеПлатежа=Оплата товара, экваиринг
КонецДокумента
СекцияДокумент=Платежное поручение
Номер=1028
Дата=13.07.2026
Сумма=5680.89
Плательщик=Розничныи покупатель (экваиринг)
ПлательщикСчет=40702810000000099999
ПлательщикИНН=
Получатель=Наша организация
ПолучательСчет=40802810000000012345
ПолучательИНН=0000000000
НазначениеПлатежа=Оплата товара, экваиринг
КонецДокумента
СекцияДокумент=Платежное поручение
Номер=1029
Дата=14.07.2026
Сумма=3102.32
Плательщик=Розничныи покупатель (экваиринг)
ПлательщикСчет=40702810000000099999
ПлательщикИНН=
Получатель=Наша организация
ПолучательСчет=40802810000000012345
ПолучательИНН=0000000000
НазначениеПлатежа=Оплата товара, экваиринг
КонецДокумента
СекцияДокумент=Платежное поручение
Номер=1030
Дата=14.07.2026
Сумма=5235.93
Плательщик=Розничныи покупатель (экваиринг)
ПлательщикСчет=40702810000000099999
ПлательщикИНН=
Получатель=Наша организация
ПолучательСчет=40802810000000012345
ПолучательИНН=0000000000
НазначениеПлатежа=Оплата товара, экваиринг
КонецДокумента
СекцияДокумент=Платежное поручение
Номер=1031
Дата=15.07.2026
Сумма=2864.48
Плательщик=Розничныи покупатель (экваиринг)
ПлательщикСчет=40702810000000099999
ПлательщикИНН=
Получатель=Наша организация
ПолучательСчет=40802810000000012345
ПолучательИНН=0000000000
НазначениеПлатежа=Оплата товара, экваиринг
КонецДокумента
СекцияДокумент=Платежное поручение
Номер=1032
Дата=15.07.2026
Сумма=12000.00
Плательщик=Наша организация
ПлательщикСчет=40802810000000012345
ПлательщикИНН=0000000000
Получатель=Банк «Кредитныи»
ПолучательСчет=40702810000000099999
ПолучательИНН=7709998887
НазначениеПлатежа=Платеж по кредиту, договор №445
КонецДокумента
СекцияДокумент=Платежное поручение
Номер=1033
Дата=15.07.2026
Сумма=3450.90
Плательщик=Розничныи покупатель (экваиринг)
ПлательщикСчет=40702810000000099999
ПлательщикИНН=
Получатель=Наша организация
ПолучательСчет=40802810000000012345
ПолучательИНН=0000000000
НазначениеПлатежа=Оплата товара, экваиринг
КонецДокумента
СекцияДокумент=Платежное поручение
Номер=1034
Дата=16.07.2026
Сумма=2682.41
Плательщик=Розничныи покупатель (экваиринг)
ПлательщикСчет=40702810000000099999
ПлательщикИНН=
Получатель=Наша организация
ПолучательСчет=40802810000000012345
ПолучательИНН=0000000000
НазначениеПлатежа=Оплата товара, экваиринг
КонецДокумента
СекцияДокумент=Платежное поручение
Номер=1035
Дата=16.07.2026
Сумма=3129.44
Плательщик=Розничныи покупатель (экваиринг)
ПлательщикСчет=40702810000000099999
ПлательщикИНН=
Получатель=Наша организация
ПолучательСчет=40802810000000012345
ПолучательИНН=0000000000
НазначениеПлатежа=Оплата товара, экваиринг
КонецДокумента
СекцияДокумент=Платежное поручение
Номер=1036
Дата=17.07.2026
Сумма=2018.16
Плательщик=Розничныи покупатель (экваиринг)
ПлательщикСчет=40702810000000099999
ПлательщикИНН=
Получатель=Наша организация
ПолучательСчет=40802810000000012345
ПолучательИНН=0000000000
НазначениеПлатежа=Оплата товара, экваиринг
КонецДокумента
СекцияДокумент=Платежное поручение
Номер=1037
Дата=17.07.2026
Сумма=4232.28
Плательщик=Розничныи покупатель (экваиринг)
ПлательщикСчет=40702810000000099999
ПлательщикИНН=
Получатель=Наша организация
ПолучательСчет=40802810000000012345
ПолучательИНН=0000000000
НазначениеПлатежа=Оплата товара, экваиринг
КонецДокумента
СекцияДокумент=Платежное поручение
Номер=1038
Дата=18.07.2026
Сумма=4617.39
Плательщик=Розничныи покупатель (экваиринг)
ПлательщикСчет=40702810000000099999
ПлательщикИНН=
Получатель=Наша организация
ПолучательСчет=40802810000000012345
ПолучательИНН=0000000000
НазначениеПлатежа=Оплата товара, экваиринг
КонецДокумента
СекцияДокумент=Платежное поручение
Номер=1039
Дата=18.07.2026
Сумма=4663.90
Плательщик=Розничныи покупатель (экваиринг)
ПлательщикСчет=40702810000000099999
ПлательщикИНН=
Получатель=Наша организация
ПолучательСчет=40802810000000012345
ПолучательИНН=0000000000
НазначениеПлатежа=Оплата товара, экваиринг
КонецДокумента
СекцияДокумент=Платежное поручение
Номер=1040
Дата=19.07.2026
Сумма=3464.79
Плательщик=Розничныи покупатель (экваиринг)
ПлательщикСчет=40702810000000099999
ПлательщикИНН=
Получатель=Наша организация
ПолучательСчет=40802810000000012345
ПолучательИНН=0000000000
НазначениеПлатежа=Оплата товара, экваиринг
КонецДокумента
СекцияДокумент=Платежное поручение
Номер=1041
Дата=19.07.2026
Сумма=4074.04
Плательщик=Розничныи покупатель (экваиринг)
ПлательщикСчет=40702810000000099999
ПлательщикИНН=
Получатель=Наша организация
ПолучательСчет=40802810000000012345
ПолучательИНН=0000000000
НазначениеПлатежа=Оплата товара, экваиринг
КонецДокумента
СекцияДокумент=Платежное поручение
Номер=1042
Дата=20.07.2026
Сумма=4988.66
Плательщик=Розничныи покупатель (экваиринг)
ПлательщикСчет=40702810000000099999
ПлательщикИНН=
Получатель=Наша организация
ПолучательСчет=40802810000000012345
ПолучательИНН=0000000000
НазначениеПлатежа=Оплата товара, экваиринг
КонецДокумента
СекцияДокумент=Платежное поручение
Номер=1043
Дата=20.07.2026
Сумма=4547.63
Плательщик=Розничныи покупатель (экваиринг)
ПлательщикСчет=40702810000000099999
ПлательщикИНН=
Получатель=Наша организация
ПолучательСчет=40802810000000012345
ПолучательИНН=0000000000
НазначениеПлатежа=Оплата товара, экваиринг
КонецДокумента
СекцияДокумент=Платежное поручение
Номер=1044
Дата=20.07.2026
Сумма=36506.17
Плательщик=Наша организация
ПлательщикСчет=40802810000000012345
ПлательщикИНН=0000000000
Получатель=Поставщик товаров ООО «Опторг»
ПолучательСчет=40702810000000099999
ПолучательИНН=5027001122
НазначениеПлатежа=Оплата поставки товара по счету
КонецДокумента
СекцияДокумент=Платежное поручение
Номер=1045
Дата=21.07.2026
Сумма=5353.73
Плательщик=Розничныи покупатель (экваиринг)
ПлательщикСчет=40702810000000099999
ПлательщикИНН=
Получатель=Наша организация
ПолучательСчет=40802810000000012345
ПолучательИНН=0000000000
НазначениеПлатежа=Оплата товара, экваиринг
КонецДокумента
СекцияДокумент=Платежное поручение
Номер=1046
Дата=21.07.2026
Сумма=5567.14
Плательщик=Розничныи покупатель (экваиринг)
ПлательщикСчет=40702810000000099999
ПлательщикИНН=
Получатель=Наша организация
ПолучательСчет=40802810000000012345
ПолучательИНН=0000000000
НазначениеПлатежа=Оплата товара, экваиринг
КонецДокумента
СекцияДокумент=Платежное поручение
Номер=1047
Дата=22.07.2026
Сумма=5345.58
Плательщик=Розничныи покупатель (экваиринг)
ПлательщикСчет=40702810000000099999
ПлательщикИНН=
Получатель=Наша организация
ПолучательСчет=40802810000000012345
ПолучательИНН=0000000000
НазначениеПлатежа=Оплата товара, экваиринг
КонецДокумента
СекцияДокумент=Платежное поручение
Номер=1048
Дата=22.07.2026
Сумма=2759.23
Плательщик=Розничныи покупатель (экваиринг)
ПлательщикСчет=40702810000000099999
ПлательщикИНН=
Получатель=Наша организация
ПолучательСчет=40802810000000012345
ПолучательИНН=0000000000
НазначениеПлатежа=Оплата товара, экваиринг
КонецДокумента
СекцияДокумент=Платежное поручение
Номер=1049
Дата=23.07.2026
Сумма=3352.05
Плательщик=Розничныи покупатель (экваиринг)
ПлательщикСчет=40702810000000099999
ПлательщикИНН=
Получатель=Наша организация
ПолучательСчет=40802810000000012345
ПолучательИНН=0000000000
НазначениеПлатежа=Оплата товара, экваиринг
КонецДокумента
СекцияДокумент=Платежное поручение
Номер=1050
Дата=23.07.2026
Сумма=5134.05
Плательщик=Розничныи покупатель (экваиринг)
ПлательщикСчет=40702810000000099999
ПлательщикИНН=
Получатель=Наша организация
ПолучательСчет=40802810000000012345
ПолучательИНН=0000000000
НазначениеПлатежа=Оплата товара, экваиринг
КонецДокумента
СекцияДокумент=Платежное поручение
Номер=1051
Дата=24.07.2026
Сумма=2248.48
Плательщик=Розничныи покупатель (экваиринг)
ПлательщикСчет=40702810000000099999
ПлательщикИНН=
Получатель=Наша организация
ПолучательСчет=40802810000000012345
ПолучательИНН=0000000000
НазначениеПлатежа=Оплата товара, экваиринг
КонецДокумента
СекцияДокумент=Платежное поручение
Номер=1052
Дата=24.07.2026
Сумма=3550.19
Плательщик=Розничныи покупатель (экваиринг)
ПлательщикСчет=40702810000000099999
ПлательщикИНН=
Получатель=Наша организация
ПолучательСчет=40802810000000012345
ПолучательИНН=0000000000
НазначениеПлатежа=Оплата товара, экваиринг
КонецДокумента
СекцияДокумент=Платежное поручение
Номер=1053
Дата=25.07.2026
Сумма=65000.00
Плательщик=Наша организация
ПлательщикСчет=40802810000000012345
ПлательщикИНН=0000000000
Получатель=Иванова А.С.
ПолучательСчет=40702810000000099999
ПолучательИНН=
НазначениеПлатежа=Зарплата продавцу за месяц
КонецДокумента
СекцияДокумент=Платежное поручение
Номер=1054
Дата=25.07.2026
Сумма=83140.73
Плательщик=Наша организация
ПлательщикСчет=40802810000000012345
ПлательщикИНН=0000000000
Получатель=ФНС России
ПолучательСчет=40702810000000099999
ПолучательИНН=7727406020
НазначениеПлатежа=Авансовыи платеж УСН 6% за 2 квартал 2026
КонецДокумента
СекцияДокумент=Платежное поручение
Номер=1055
Дата=25.07.2026
Сумма=4233.28
Плательщик=Розничныи покупатель (экваиринг)
ПлательщикСчет=40702810000000099999
ПлательщикИНН=
Получатель=Наша организация
ПолучательСчет=40802810000000012345
ПолучательИНН=0000000000
НазначениеПлатежа=Оплата товара, экваиринг
КонецДокумента
СекцияДокумент=Платежное поручение
Номер=1056
Дата=25.07.2026
Сумма=4830.26
Плательщик=Розничныи покупатель (экваиринг)
ПлательщикСчет=40702810000000099999
ПлательщикИНН=
Получатель=Наша организация
ПолучательСчет=40802810000000012345
ПолучательИНН=0000000000
НазначениеПлатежа=Оплата товара, экваиринг
КонецДокумента
СекцияДокумент=Платежное поручение
Номер=1057
Дата=26.07.2026
Сумма=2424.74
Плательщик=Розничныи покупатель (экваиринг)
ПлательщикСчет=40702810000000099999
ПлательщикИНН=
Получатель=Наша организация
ПолучательСчет=40802810000000012345
ПолучательИНН=0000000000
НазначениеПлатежа=Оплата товара, экваиринг
КонецДокумента
СекцияДокумент=Платежное поручение
Номер=1058
Дата=26.07.2026
Сумма=4994.72
Плательщик=Розничныи покупатель (экваиринг)
ПлательщикСчет=40702810000000099999
ПлательщикИНН=
Получатель=Наша организация
ПолучательСчет=40802810000000012345
ПолучательИНН=0000000000
НазначениеПлатежа=Оплата товара, экваиринг
КонецДокумента
СекцияДокумент=Платежное поручение
Номер=1059
Дата=27.07.2026
Сумма=3340.26
Плательщик=Розничныи покупатель (экваиринг)
ПлательщикСчет=40702810000000099999
ПлательщикИНН=
Получатель=Наша организация
ПолучательСчет=40802810000000012345
ПолучательИНН=0000000000
НазначениеПлатежа=Оплата товара, экваиринг
КонецДокумента
СекцияДокумент=Платежное поручение
Номер=1060
Дата=27.07.2026
Сумма=5237.23
Плательщик=Розничныи покупатель (экваиринг)
ПлательщикСчет=40702810000000099999
ПлательщикИНН=
Получатель=Наша организация
ПолучательСчет=40802810000000012345
ПолучательИНН=0000000000
НазначениеПлатежа=Оплата товара, экваиринг
КонецДокумента
СекцияДокумент=Платежное поручение
Номер=1061
Дата=28.07.2026
Сумма=5341.71
Плательщик=Розничныи покупатель (экваиринг)
ПлательщикСчет=40702810000000099999
ПлательщикИНН=
Получатель=Наша организация
ПолучательСчет=40802810000000012345
ПолучательИНН=0000000000
НазначениеПлатежа=Оплата товара, экваиринг
КонецДокумента
СекцияДокумент=Платежное поручение
Номер=1062
Дата=28.07.2026
Сумма=3460.68
Плательщик=Розничныи покупатель (экваиринг)
ПлательщикСчет=40702810000000099999
ПлательщикИНН=
Получатель=Наша организация
ПолучательСчет=40802810000000012345
ПолучательИНН=0000000000
НазначениеПлатежа=Оплата товара, экваиринг
КонецДокумента
СекцияДокумент=Платежное поручение
Номер=1063
Дата=29.07.2026
Сумма=5040.58
Плательщик=Розничныи покупатель (экваиринг)
ПлательщикСчет=40702810000000099999
ПлательщикИНН=
Получатель=Наша организация
ПолучательСчет=40802810000000012345
ПолучательИНН=0000000000
НазначениеПлатежа=Оплата товара, экваиринг
КонецДокумента
СекцияДокумент=Платежное поручение
Номер=1064
Дата=29.07.2026
Сумма=4441.39
Плательщик=Розничныи покупатель (экваиринг)
ПлательщикСчет=40702810000000099999
ПлательщикИНН=
Получатель=Наша организация
ПолучательСчет=40802810000000012345
ПолучательИНН=0000000000
НазначениеПлатежа=Оплата товара, экваиринг
КонецДокумента
СекцияДокумент=Платежное поручение
Номер=1065
Дата=30.07.2026
Сумма=5958.05
Плательщик=Розничныи покупатель (экваиринг)
ПлательщикСчет=40702810000000099999
ПлательщикИНН=
Получатель=Наша организация
ПолучательСчет=40802810000000012345
ПолучательИНН=0000000000
НазначениеПлатежа=Оплата товара, экваиринг
КонецДокумента
СекцияДокумент=Платежное поручение
Номер=1066
Дата=30.07.2026
Сумма=2481.18
Плательщик=Розничныи покупатель (экваиринг)
ПлательщикСчет=40702810000000099999
ПлательщикИНН=
Получатель=Наша организация
ПолучательСчет=40802810000000012345
ПолучательИНН=0000000000
НазначениеПлатежа=Оплата товара, экваиринг
КонецДокумента
СекцияДокумент=Платежное поручение
Номер=1067
Дата=31.07.2026
Сумма=5575.27
Плательщик=Розничныи покупатель (экваиринг)
ПлательщикСчет=40702810000000099999
ПлательщикИНН=
Получатель=Наша организация
ПолучательСчет=40802810000000012345
ПолучательИНН=0000000000
НазначениеПлатежа=Оплата товара, экваиринг
КонецДокумента
СекцияДокумент=Платежное поручение
Номер=1068
Дата=31.07.2026
Сумма=2011.15
Плательщик=Розничныи покупатель (экваиринг)
ПлательщикСчет=40702810000000099999
ПлательщикИНН=
Получатель=Наша организация
ПолучательСчет=40802810000000012345
ПолучательИНН=0000000000
НазначениеПлатежа=Оплата товара, экваиринг
КонецДокумента
СекцияДокумент=Платежное поручение
Номер=1069
Дата=01.08.2026
Сумма=4874.86
Плательщик=Розничныи покупатель (экваиринг)
ПлательщикСчет=40702810000000099999
ПлательщикИНН=
Получатель=Наша организация
ПолучательСчет=40802810000000012345
ПолучательИНН=0000000000
НазначениеПлатежа=Оплата товара, экваиринг
КонецДокумента
СекцияДокумент=Платежное поручение
Номер=1070
Дата=01.08.2026
Сумма=2487.59
Плательщик=Розничныи покупатель (экваиринг)
ПлательщикСчет=40702810000000099999
ПлательщикИНН=
Получатель=Наша организация
ПолучательСчет=40802810000000012345
ПолучательИНН=0000000000
НазначениеПлатежа=Оплата товара, экваиринг
КонецДокумента
СекцияДокумент=Платежное поручение
Номер=1071
Дата=01.08.2026
Сумма=2297.41
Плательщик=Розничныи покупатель (экваиринг)
ПлательщикСчет=40702810000000099999
ПлательщикИНН=
Получатель=Наша организация
ПолучательСчет=40802810000000012345
ПолучательИНН=0000000000
НазначениеПлатежа=Оплата товара, экваиринг
КонецДокумента
СекцияДокумент=Платежное поручение
Номер=1072
Дата=02.08.2026
Сумма=1960.10
Плательщик=Розничныи покупатель (экваиринг)
ПлательщикСчет=40702810000000099999
ПлательщикИНН=
Получатель=Наша организация
ПолучательСчет=40802810000000012345
ПолучательИНН=0000000000
НазначениеПлатежа=Оплата товара, экваиринг
КонецДокумента
СекцияДокумент=Платежное поручение
Номер=1073
Дата=02.08.2026
Сумма=5620.37
Плательщик=Розничныи покупатель (экваиринг)
ПлательщикСчет=40702810000000099999
ПлательщикИНН=
Получатель=Наша организация
ПолучательСчет=40802810000000012345
ПолучательИНН=0000000000
НазначениеПлатежа=Оплата товара, экваиринг
КонецДокумента
СекцияДокумент=Платежное поручение
Номер=1074
Дата=02.08.2026
Сумма=4083.32
Плательщик=Розничныи покупатель (экваиринг)
ПлательщикСчет=40702810000000099999
ПлательщикИНН=
Получатель=Наша организация
ПолучательСчет=40802810000000012345
ПолучательИНН=0000000000
НазначениеПлатежа=Оплата товара, экваиринг
КонецДокумента
СекцияДокумент=Платежное поручение
Номер=1075
Дата=03.08.2026
Сумма=3317.41
Плательщик=Розничныи покупатель (экваиринг)
ПлательщикСчет=40702810000000099999
ПлательщикИНН=
Получатель=Наша организация
ПолучательСчет=40802810000000012345
ПолучательИНН=0000000000
НазначениеПлатежа=Оплата товара, экваиринг
КонецДокумента
СекцияДокумент=Платежное поручение
Номер=1076
Дата=03.08.2026
Сумма=2860.77
Плательщик=Розничныи покупатель (экваиринг)
ПлательщикСчет=40702810000000099999
ПлательщикИНН=
Получатель=Наша организация
ПолучательСчет=40802810000000012345
ПолучательИНН=0000000000
НазначениеПлатежа=Оплата товара, экваиринг
КонецДокумента
СекцияДокумент=Платежное поручение
Номер=1077
Дата=03.08.2026
Сумма=3295.73
Плательщик=Розничныи покупатель (экваиринг)
ПлательщикСчет=40702810000000099999
ПлательщикИНН=
Получатель=Наша организация
ПолучательСчет=40802810000000012345
ПолучательИНН=0000000000
НазначениеПлатежа=Оплата товара, экваиринг
КонецДокумента
СекцияДокумент=Платежное поручение
Номер=1078
Дата=04.08.2026
Сумма=3943.24
Плательщик=Розничныи покупатель (экваиринг)
ПлательщикСчет=40702810000000099999
ПлательщикИНН=
Получатель=Наша организация
ПолучательСчет=40802810000000012345
ПолучательИНН=0000000000
НазначениеПлатежа=Оплата товара, экваиринг
КонецДокумента
СекцияДокумент=Платежное поручение
Номер=1079
Дата=04.08.2026
Сумма=4366.94
Плательщик=Розничныи покупатель (экваиринг)
ПлательщикСчет=40702810000000099999
ПлательщикИНН=
Получатель=Наша организация
ПолучательСчет=40802810000000012345
ПолучательИНН=0000000000
НазначениеПлатежа=Оплата товара, экваиринг
КонецДокумента
СекцияДокумент=Платежное поручение
Номер=1080
Дата=04.08.2026
Сумма=3724.68
Плательщик=Розничныи покупатель (экваиринг)
ПлательщикСчет=40702810000000099999
ПлательщикИНН=
Получатель=Наша организация
ПолучательСчет=40802810000000012345
ПолучательИНН=0000000000
НазначениеПлатежа=Оплата товара, экваиринг
КонецДокумента
СекцияДокумент=Платежное поручение
Номер=1081
Дата=05.08.2026
Сумма=90000.00
Плательщик=Наша организация
ПлательщикСчет=40802810000000012345
ПлательщикИНН=0000000000
Получатель=Арендодатель ООО «Пассаж»
ПолучательСчет=40702810000000099999
ПолучательИНН=7701234567
НазначениеПлатежа=Аренда торговои точки
КонецДокумента
СекцияДокумент=Платежное поручение
Номер=1082
Дата=05.08.2026
Сумма=1468.54
Плательщик=Розничныи покупатель (экваиринг)
ПлательщикСчет=40702810000000099999
ПлательщикИНН=
Получатель=Наша организация
ПолучательСчет=40802810000000012345
ПолучательИНН=0000000000
НазначениеПлатежа=Оплата товара, экваиринг
КонецДокумента
СекцияДокумент=Платежное поручение
Номер=1083
Дата=05.08.2026
Сумма=5222.69
Плательщик=Розничныи покупатель (экваиринг)
ПлательщикСчет=40702810000000099999
ПлательщикИНН=
Получатель=Наша организация
ПолучательСчет=40802810000000012345
ПолучательИНН=0000000000
НазначениеПлатежа=Оплата товара, экваиринг
КонецДокумента
СекцияДокумент=Платежное поручение
Номер=1084
Дата=05.08.2026
Сумма=3731.41
Плательщик=Розничныи покупатель (экваиринг)
ПлательщикСчет=40702810000000099999
ПлательщикИНН=
Получатель=Наша организация
ПолучательСчет=40802810000000012345
ПолучательИНН=0000000000
НазначениеПлатежа=Оплата товара, экваиринг
КонецДокумента
СекцияДокумент=Платежное поручение
Номер=1085
Дата=06.08.2026
Сумма=2992.22
Плательщик=Розничныи покупатель (экваиринг)
ПлательщикСчет=40702810000000099999
ПлательщикИНН=
Получатель=Наша организация
ПолучательСчет=40802810000000012345
ПолучательИНН=0000000000
НазначениеПлатежа=Оплата товара, экваиринг
КонецДокумента
СекцияДокумент=Платежное поручение
Номер=1086
Дата=06.08.2026
Сумма=1993.33
Плательщик=Розничныи покупатель (экваиринг)
ПлательщикСчет=40702810000000099999
ПлательщикИНН=
Получатель=Наша организация
ПолучательСчет=40802810000000012345
ПолучательИНН=0000000000
НазначениеПлатежа=Оплата товара, экваиринг
КонецДокумента
СекцияДокумент=Платежное поручение
Номер=1087
Дата=06.08.2026
Сумма=4571.85
Плательщик=Розничныи покупатель (экваиринг)
ПлательщикСчет=40702810000000099999
ПлательщикИНН=
Получатель=Наша организация
ПолучательСчет=40802810000000012345
ПолучательИНН=0000000000
НазначениеПлатежа=Оплата товара, экваиринг
КонецДокумента
СекцияДокумент=Платежное поручение
Номер=1088
Дата=07.08.2026
Сумма=5670.91
Плательщик=Розничныи покупатель (экваиринг)
ПлательщикСчет=40702810000000099999
ПлательщикИНН=
Получатель=Наша организация
ПолучательСчет=40802810000000012345
ПолучательИНН=0000000000
НазначениеПлатежа=Оплата товара, экваиринг
КонецДокумента
СекцияДокумент=Платежное поручение
Номер=1089
Дата=07.08.2026
Сумма=4463.21
Плательщик=Розничныи покупатель (экваиринг)
ПлательщикСчет=40702810000000099999
ПлательщикИНН=
Получатель=Наша организация
ПолучательСчет=40802810000000012345
ПолучательИНН=0000000000
НазначениеПлатежа=Оплата товара, экваиринг
КонецДокумента
СекцияДокумент=Платежное поручение
Номер=1090
Дата=07.08.2026
Сумма=5563.80
Плательщик=Розничныи покупатель (экваиринг)
ПлательщикСчет=40702810000000099999
ПлательщикИНН=
Получатель=Наша организация
ПолучательСчет=40802810000000012345
ПолучательИНН=0000000000
НазначениеПлатежа=Оплата товара, экваиринг
КонецДокумента
СекцияДокумент=Платежное поручение
Номер=1091
Дата=08.08.2026
Сумма=1982.61
Плательщик=Розничныи покупатель (экваиринг)
ПлательщикСчет=40702810000000099999
ПлательщикИНН=
Получатель=Наша организация
ПолучательСчет=40802810000000012345
ПолучательИНН=0000000000
НазначениеПлатежа=Оплата товара, экваиринг
КонецДокумента
СекцияДокумент=Платежное поручение
Номер=1092
Дата=08.08.2026
Сумма=3171.50
Плательщик=Розничныи покупатель (экваиринг)
ПлательщикСчет=40702810000000099999
ПлательщикИНН=
Получатель=Наша организация
ПолучательСчет=40802810000000012345
ПолучательИНН=0000000000
НазначениеПлатежа=Оплата товара, экваиринг
КонецДокумента
СекцияДокумент=Платежное поручение
Номер=1093
Дата=08.08.2026
Сумма=5579.72
Плательщик=Розничныи покупатель (экваиринг)
ПлательщикСчет=40702810000000099999
ПлательщикИНН=
Получатель=Наша организация
ПолучательСчет=40802810000000012345
ПолучательИНН=0000000000
НазначениеПлатежа=Оплата товара, экваиринг
КонецДокумента
СекцияДокумент=Платежное поручение
Номер=1094
Дата=09.08.2026
Сумма=4451.10
Плательщик=Розничныи покупатель (экваиринг)
ПлательщикСчет=40702810000000099999
ПлательщикИНН=
Получатель=Наша организация
ПолучательСчет=40802810000000012345
ПолучательИНН=0000000000
НазначениеПлатежа=Оплата товара, экваиринг
КонецДокумента
СекцияДокумент=Платежное поручение
Номер=1095
Дата=09.08.2026
Сумма=2569.85
Плательщик=Розничныи покупатель (экваиринг)
ПлательщикСчет=40702810000000099999
ПлательщикИНН=
Получатель=Наша организация
ПолучательСчет=40802810000000012345
ПолучательИНН=0000000000
НазначениеПлатежа=Оплата товара, экваиринг
КонецДокумента
СекцияДокумент=Платежное поручение
Номер=1096
Дата=09.08.2026
Сумма=2571.74
Плательщик=Розничныи покупатель (экваиринг)
ПлательщикСчет=40702810000000099999
ПлательщикИНН=
Получатель=Наша организация
ПолучательСчет=40802810000000012345
ПолучательИНН=0000000000
НазначениеПлатежа=Оплата товара, экваиринг
КонецДокумента
СекцияДокумент=Платежное поручение
Номер=1097
Дата=10.08.2026
Сумма=1663.87
Плательщик=Розничныи покупатель (экваиринг)
ПлательщикСчет=40702810000000099999
ПлательщикИНН=
Получатель=Наша организация
ПолучательСчет=40802810000000012345
ПолучательИНН=0000000000
НазначениеПлатежа=Оплата товара, экваиринг
КонецДокумента
СекцияДокумент=Платежное поручение
Номер=1098
Дата=10.08.2026
Сумма=53671.10
Плательщик=Наша организация
ПлательщикСчет=40802810000000012345
ПлательщикИНН=0000000000
Получатель=Поставщик товаров ООО «Опторг»
ПолучательСчет=40702810000000099999
ПолучательИНН=5027001122
НазначениеПлатежа=Оплата поставки товара по счету
КонецДокумента
СекцияДокумент=Платежное поручение
Номер=1099
Дата=10.08.2026
Сумма=2326.19
Плательщик=Розничныи покупатель (экваиринг)
ПлательщикСчет=40702810000000099999
ПлательщикИНН=
Получатель=Наша организация
ПолучательСчет=40802810000000012345
ПолучательИНН=0000000000
НазначениеПлатежа=Оплата товара, экваиринг
КонецДокумента
СекцияДокумент=Платежное поручение
Номер=1100
Дата=10.08.2026
Сумма=2522.11
Плательщик=Розничныи покупатель (экваиринг)
ПлательщикСчет=40702810000000099999
ПлательщикИНН=
Получатель=Наша организация
ПолучательСчет=40802810000000012345
ПолучательИНН=0000000000
НазначениеПлатежа=Оплата товара, экваиринг
КонецДокумента
СекцияДокумент=Платежное поручение
Номер=1101
Дата=11.08.2026
Сумма=4026.36
Плательщик=Розничныи покупатель (экваиринг)
ПлательщикСчет=40702810000000099999
ПлательщикИНН=
Получатель=Наша организация
ПолучательСчет=40802810000000012345
ПолучательИНН=0000000000
НазначениеПлатежа=Оплата товара, экваиринг
КонецДокумента
СекцияДокумент=Платежное поручение
Номер=1102
Дата=11.08.2026
Сумма=4446.18
Плательщик=Розничныи покупатель (экваиринг)
ПлательщикСчет=40702810000000099999
ПлательщикИНН=
Получатель=Наша организация
ПолучательСчет=40802810000000012345
ПолучательИНН=0000000000
НазначениеПлатежа=Оплата товара, экваиринг
КонецДокумента
СекцияДокумент=Платежное поручение
Номер=1103
Дата=11.08.2026
Сумма=5277.99
Плательщик=Розничныи покупатель (экваиринг)
ПлательщикСчет=40702810000000099999
ПлательщикИНН=
Получатель=Наша организация
ПолучательСчет=40802810000000012345
ПолучательИНН=0000000000
НазначениеПлатежа=Оплата товара, экваиринг
КонецДокумента
СекцияДокумент=Платежное поручение
Номер=1104
Дата=12.08.2026
Сумма=2068.65
Плательщик=Розничныи покупатель (экваиринг)
ПлательщикСчет=40702810000000099999
ПлательщикИНН=
Получатель=Наша организация
ПолучательСчет=40802810000000012345
ПолучательИНН=0000000000
НазначениеПлатежа=Оплата товара, экваиринг
КонецДокумента
СекцияДокумент=Платежное поручение
Номер=1105
Дата=12.08.2026
Сумма=1908.43
Плательщик=Розничныи покупатель (экваиринг)
ПлательщикСчет=40702810000000099999
ПлательщикИНН=
Получатель=Наша организация
ПолучательСчет=40802810000000012345
ПолучательИНН=0000000000
НазначениеПлатежа=Оплата товара, экваиринг
КонецДокумента
СекцияДокумент=Платежное поручение
Номер=1106
Дата=12.08.2026
Сумма=3396.67
Плательщик=Розничныи покупатель (экваиринг)
ПлательщикСчет=40702810000000099999
ПлательщикИНН=
Получатель=Наша организация
ПолучательСчет=40802810000000012345
ПолучательИНН=0000000000
НазначениеПлатежа=Оплата товара, экваиринг
КонецДокумента
СекцияДокумент=Платежное поручение
Номер=1107
Дата=13.08.2026
Сумма=2638.22
Плательщик=Розничныи покупатель (экваиринг)
ПлательщикСчет=40702810000000099999
ПлательщикИНН=
Получатель=Наша организация
ПолучательСчет=40802810000000012345
ПолучательИНН=0000000000
НазначениеПлатежа=Оплата товара, экваиринг
КонецДокумента
СекцияДокумент=Платежное поручение
Номер=1108
Дата=13.08.2026
Сумма=2359.09
Плательщик=Розничныи покупатель (экваиринг)
ПлательщикСчет=40702810000000099999
ПлательщикИНН=
Получатель=Наша организация
ПолучательСчет=40802810000000012345
ПолучательИНН=0000000000
НазначениеПлатежа=Оплата товара, экваиринг
КонецДокумента
СекцияДокумент=Платежное поручение
Номер=1109
Дата=13.08.2026
Сумма=3332.50
Плательщик=Розничныи покупатель (экваиринг)
ПлательщикСчет=40702810000000099999
ПлательщикИНН=
Получатель=Наша организация
ПолучательСчет=40802810000000012345
ПолучательИНН=0000000000
НазначениеПлатежа=Оплата товара, экваиринг
КонецДокумента
СекцияДокумент=Платежное поручение
Номер=1110
Дата=14.08.2026
Сумма=2924.41
Плательщик=Розничныи покупатель (экваиринг)
ПлательщикСчет=40702810000000099999
ПлательщикИНН=
Получатель=Наша организация
ПолучательСчет=40802810000000012345
ПолучательИНН=0000000000
НазначениеПлатежа=Оплата товара, экваиринг
КонецДокумента
СекцияДокумент=Платежное поручение
Номер=1111
Дата=14.08.2026
Сумма=2201.76
Плательщик=Розничныи покупатель (экваиринг)
ПлательщикСчет=40702810000000099999
ПлательщикИНН=
Получатель=Наша организация
ПолучательСчет=40802810000000012345
ПолучательИНН=0000000000
НазначениеПлатежа=Оплата товара, экваиринг
КонецДокумента
СекцияДокумент=Платежное поручение
Номер=1112
Дата=14.08.2026
Сумма=3346.83
Плательщик=Розничныи покупатель (экваиринг)
ПлательщикСчет=40702810000000099999
ПлательщикИНН=
Получатель=Наша организация
ПолучательСчет=40802810000000012345
ПолучательИНН=0000000000
НазначениеПлатежа=Оплата товара, экваиринг
КонецДокумента
СекцияДокумент=Платежное поручение
Номер=1113
Дата=15.08.2026
Сумма=2544.67
Плательщик=Розничныи покупатель (экваиринг)
ПлательщикСчет=40702810000000099999
ПлательщикИНН=
Получатель=Наша организация
ПолучательСчет=40802810000000012345
ПолучательИНН=0000000000
НазначениеПлатежа=Оплата товара, экваиринг
КонецДокумента
СекцияДокумент=Платежное поручение
Номер=1114
Дата=15.08.2026
Сумма=12000.00
Плательщик=Наша организация
ПлательщикСчет=40802810000000012345
ПлательщикИНН=0000000000
Получатель=Банк «Кредитныи»
ПолучательСчет=40702810000000099999
ПолучательИНН=7709998887
НазначениеПлатежа=Платеж по кредиту, договор №445
КонецДокумента
СекцияДокумент=Платежное поручение
Номер=1115
Дата=15.08.2026
Сумма=4148.79
Плательщик=Розничныи покупатель (экваиринг)
ПлательщикСчет=40702810000000099999
ПлательщикИНН=
Получатель=Наша организация
ПолучательСчет=40802810000000012345
ПолучательИНН=0000000000
НазначениеПлатежа=Оплата товара, экваиринг
КонецДокумента
СекцияДокумент=Платежное поручение
Номер=1116
Дата=15.08.2026
Сумма=1799.91
Плательщик=Розничныи покупатель (экваиринг)
ПлательщикСчет=40702810000000099999
ПлательщикИНН=
Получатель=Наша организация
ПолучательСчет=40802810000000012345
ПолучательИНН=0000000000
НазначениеПлатежа=Оплата товара, экваиринг
КонецДокумента
СекцияДокумент=Платежное поручение
Номер=1117
Дата=16.08.2026
Сумма=5568.45
Плательщик=Розничныи покупатель (экваиринг)
ПлательщикСчет=40702810000000099999
ПлательщикИНН=
Получатель=Наша организация
ПолучательСчет=40802810000000012345
ПолучательИНН=0000000000
НазначениеПлатежа=Оплата товара, экваиринг
КонецДокумента
СекцияДокумент=Платежное поручение
Номер=1118
Дата=16.08.2026
Сумма=4078.87
Плательщик=Розничныи покупатель (экваиринг)
ПлательщикСчет=40702810000000099999
ПлательщикИНН=
Получатель=Наша организация
ПолучательСчет=40802810000000012345
ПолучательИНН=0000000000
НазначениеПлатежа=Оплата товара, экваиринг
КонецДокумента
СекцияДокумент=Платежное поручение
Номер=1119
Дата=16.08.2026
Сумма=3150.37
Плательщик=Розничныи покупатель (экваиринг)
ПлательщикСчет=40702810000000099999
ПлательщикИНН=
Получатель=Наша организация
ПолучательСчет=40802810000000012345
ПолучательИНН=0000000000
НазначениеПлатежа=Оплата товара, экваиринг
КонецДокумента
СекцияДокумент=Платежное поручение
Номер=1120
Дата=17.08.2026
Сумма=1909.12
Плательщик=Розничныи покупатель (экваиринг)
ПлательщикСчет=40702810000000099999
ПлательщикИНН=
Получатель=Наша организация
ПолучательСчет=40802810000000012345
ПолучательИНН=0000000000
НазначениеПлатежа=Оплата товара, экваиринг
КонецДокумента
СекцияДокумент=Платежное поручение
Номер=1121
Дата=17.08.2026
Сумма=2088.17
Плательщик=Розничныи покупатель (экваиринг)
ПлательщикСчет=40702810000000099999
ПлательщикИНН=
Получатель=Наша организация
ПолучательСчет=40802810000000012345
ПолучательИНН=0000000000
НазначениеПлатежа=Оплата товара, экваиринг
КонецДокумента
СекцияДокумент=Платежное поручение
Номер=1122
Дата=17.08.2026
Сумма=4077.26
Плательщик=Розничныи покупатель (экваиринг)
ПлательщикСчет=40702810000000099999
ПлательщикИНН=
Получатель=Наша организация
ПолучательСчет=40802810000000012345
ПолучательИНН=0000000000
НазначениеПлатежа=Оплата товара, экваиринг
КонецДокумента
СекцияДокумент=Платежное поручение
Номер=1123
Дата=18.08.2026
Сумма=2851.19
Плательщик=Розничныи покупатель (экваиринг)
ПлательщикСчет=40702810000000099999
ПлательщикИНН=
Получатель=Наша организация
ПолучательСчет=40802810000000012345
ПолучательИНН=0000000000
НазначениеПлатежа=Оплата товара, экваиринг
КонецДокумента
СекцияДокумент=Платежное поручение
Номер=1124
Дата=18.08.2026
Сумма=2443.86
Плательщик=Розничныи покупатель (экваиринг)
ПлательщикСчет=40702810000000099999
ПлательщикИНН=
Получатель=Наша организация
ПолучательСчет=40802810000000012345
ПолучательИНН=0000000000
НазначениеПлатежа=Оплата товара, экваиринг
КонецДокумента
СекцияДокумент=Платежное поручение
Номер=1125
Дата=18.08.2026
Сумма=2695.15
Плательщик=Розничныи покупатель (экваиринг)
ПлательщикСчет=40702810000000099999
ПлательщикИНН=
Получатель=Наша организация
ПолучательСчет=40802810000000012345
ПолучательИНН=0000000000
НазначениеПлатежа=Оплата товара, экваиринг
КонецДокумента
СекцияДокумент=Платежное поручение
Номер=1126
Дата=19.08.2026
Сумма=4541.95
Плательщик=Розничныи покупатель (экваиринг)
ПлательщикСчет=40702810000000099999
ПлательщикИНН=
Получатель=Наша организация
ПолучательСчет=40802810000000012345
ПолучательИНН=0000000000
НазначениеПлатежа=Оплата товара, экваиринг
КонецДокумента
СекцияДокумент=Платежное поручение
Номер=1127
Дата=19.08.2026
Сумма=4988.54
Плательщик=Розничныи покупатель (экваиринг)
ПлательщикСчет=40702810000000099999
ПлательщикИНН=
Получатель=Наша организация
ПолучательСчет=40802810000000012345
ПолучательИНН=0000000000
НазначениеПлатежа=Оплата товара, экваиринг
КонецДокумента
СекцияДокумент=Платежное поручение
Номер=1128
Дата=19.08.2026
Сумма=3730.17
Плательщик=Розничныи покупатель (экваиринг)
ПлательщикСчет=40702810000000099999
ПлательщикИНН=
Получатель=Наша организация
ПолучательСчет=40802810000000012345
ПолучательИНН=0000000000
НазначениеПлатежа=Оплата товара, экваиринг
КонецДокумента
СекцияДокумент=Платежное поручение
Номер=1129
Дата=20.08.2026
Сумма=3772.16
Плательщик=Розничныи покупатель (экваиринг)
ПлательщикСчет=40702810000000099999
ПлательщикИНН=
Получатель=Наша организация
ПолучательСчет=40802810000000012345
ПолучательИНН=0000000000
НазначениеПлатежа=Оплата товара, экваиринг
КонецДокумента
СекцияДокумент=Платежное поручение
Номер=1130
Дата=20.08.2026
Сумма=59218.27
Плательщик=Наша организация
ПлательщикСчет=40802810000000012345
ПлательщикИНН=0000000000
Получатель=Поставщик товаров ООО «Опторг»
ПолучательСчет=40702810000000099999
ПолучательИНН=5027001122
НазначениеПлатежа=Оплата поставки товара по счету
КонецДокумента
СекцияДокумент=Платежное поручение
Номер=1131
Дата=20.08.2026
Сумма=2723.67
Плательщик=Розничныи покупатель (экваиринг)
ПлательщикСчет=40702810000000099999
ПлательщикИНН=
Получатель=Наша организация
ПолучательСчет=40802810000000012345
ПолучательИНН=0000000000
НазначениеПлатежа=Оплата товара, экваиринг
КонецДокумента
СекцияДокумент=Платежное поручение
Номер=1132
Дата=20.08.2026
Сумма=2129.78
Плательщик=Розничныи покупатель (экваиринг)
ПлательщикСчет=40702810000000099999
ПлательщикИНН=
Получатель=Наша организация
ПолучательСчет=40802810000000012345
ПолучательИНН=0000000000
НазначениеПлатежа=Оплата товара, экваиринг
КонецДокумента
СекцияДокумент=Платежное поручение
Номер=1133
Дата=21.08.2026
Сумма=5249.16
Плательщик=Розничныи покупатель (экваиринг)
ПлательщикСчет=40702810000000099999
ПлательщикИНН=
Получатель=Наша организация
ПолучательСчет=40802810000000012345
ПолучательИНН=0000000000
НазначениеПлатежа=Оплата товара, экваиринг
КонецДокумента
СекцияДокумент=Платежное поручение
Номер=1134
Дата=21.08.2026
Сумма=2775.55
Плательщик=Розничныи покупатель (экваиринг)
ПлательщикСчет=40702810000000099999
ПлательщикИНН=
Получатель=Наша организация
ПолучательСчет=40802810000000012345
ПолучательИНН=0000000000
НазначениеПлатежа=Оплата товара, экваиринг
КонецДокумента
СекцияДокумент=Платежное поручение
Номер=1135
Дата=21.08.2026
Сумма=1622.91
Плательщик=Розничныи покупатель (экваиринг)
ПлательщикСчет=40702810000000099999
ПлательщикИНН=
Получатель=Наша организация
ПолучательСчет=40802810000000012345
ПолучательИНН=0000000000
НазначениеПлатежа=Оплата товара, экваиринг
КонецДокумента
СекцияДокумент=Платежное поручение
Номер=1136
Дата=22.08.2026
Сумма=2101.40
Плательщик=Розничныи покупатель (экваиринг)
ПлательщикСчет=40702810000000099999
ПлательщикИНН=
Получатель=Наша организация
ПолучательСчет=40802810000000012345
ПолучательИНН=0000000000
НазначениеПлатежа=Оплата товара, экваиринг
КонецДокумента
СекцияДокумент=Платежное поручение
Номер=1137
Дата=22.08.2026
Сумма=4027.97
Плательщик=Розничныи покупатель (экваиринг)
ПлательщикСчет=40702810000000099999
ПлательщикИНН=
Получатель=Наша организация
ПолучательСчет=40802810000000012345
ПолучательИНН=0000000000
НазначениеПлатежа=Оплата товара, экваиринг
КонецДокумента
СекцияДокумент=Платежное поручение
Номер=1138
Дата=22.08.2026
Сумма=4768.18
Плательщик=Розничныи покупатель (экваиринг)
ПлательщикСчет=40702810000000099999
ПлательщикИНН=
Получатель=Наша организация
ПолучательСчет=40802810000000012345
ПолучательИНН=0000000000
НазначениеПлатежа=Оплата товара, экваиринг
КонецДокумента
СекцияДокумент=Платежное поручение
Номер=1139
Дата=23.08.2026
Сумма=5696.39
Плательщик=Розничныи покупатель (экваиринг)
ПлательщикСчет=40702810000000099999
ПлательщикИНН=
Получатель=Наша организация
ПолучательСчет=40802810000000012345
ПолучательИНН=0000000000
НазначениеПлатежа=Оплата товара, экваиринг
КонецДокумента
СекцияДокумент=Платежное поручение
Номер=1140
Дата=23.08.2026
Сумма=5005.93
Плательщик=Розничныи покупатель (экваиринг)
ПлательщикСчет=40702810000000099999
ПлательщикИНН=
Получатель=Наша организация
ПолучательСчет=40802810000000012345
ПолучательИНН=0000000000
НазначениеПлатежа=Оплата товара, экваиринг
КонецДокумента
СекцияДокумент=Платежное поручение
Номер=1141
Дата=23.08.2026
Сумма=3948.32
Плательщик=Розничныи покупатель (экваиринг)
ПлательщикСчет=40702810000000099999
ПлательщикИНН=
Получатель=Наша организация
ПолучательСчет=40802810000000012345
ПолучательИНН=0000000000
НазначениеПлатежа=Оплата товара, экваиринг
КонецДокумента
СекцияДокумент=Платежное поручение
Номер=1142
Дата=24.08.2026
Сумма=1476.83
Плательщик=Розничныи покупатель (экваиринг)
ПлательщикСчет=40702810000000099999
ПлательщикИНН=
Получатель=Наша организация
ПолучательСчет=40802810000000012345
ПолучательИНН=0000000000
НазначениеПлатежа=Оплата товара, экваиринг
КонецДокумента
СекцияДокумент=Платежное поручение
Номер=1143
Дата=24.08.2026
Сумма=1554.69
Плательщик=Розничныи покупатель (экваиринг)
ПлательщикСчет=40702810000000099999
ПлательщикИНН=
Получатель=Наша организация
ПолучательСчет=40802810000000012345
ПолучательИНН=0000000000
НазначениеПлатежа=Оплата товара, экваиринг
КонецДокумента
СекцияДокумент=Платежное поручение
Номер=1144
Дата=24.08.2026
Сумма=4862.13
Плательщик=Розничныи покупатель (экваиринг)
ПлательщикСчет=40702810000000099999
ПлательщикИНН=
Получатель=Наша организация
ПолучательСчет=40802810000000012345
ПолучательИНН=0000000000
НазначениеПлатежа=Оплата товара, экваиринг
КонецДокумента
СекцияДокумент=Платежное поручение
Номер=1145
Дата=25.08.2026
Сумма=65000.00
Плательщик=Наша организация
ПлательщикСчет=40802810000000012345
ПлательщикИНН=0000000000
Получатель=Иванова А.С.
ПолучательСчет=40702810000000099999
ПолучательИНН=
НазначениеПлатежа=Зарплата продавцу за месяц
КонецДокумента
СекцияДокумент=Платежное поручение
Номер=1146
Дата=25.08.2026
Сумма=2502.52
Плательщик=Розничныи покупатель (экваиринг)
ПлательщикСчет=40702810000000099999
ПлательщикИНН=
Получатель=Наша организация
ПолучательСчет=40802810000000012345
ПолучательИНН=0000000000
НазначениеПлатежа=Оплата товара, экваиринг
КонецДокумента
СекцияДокумент=Платежное поручение
Номер=1147
Дата=25.08.2026
Сумма=4742.84
Плательщик=Розничныи покупатель (экваиринг)
ПлательщикСчет=40702810000000099999
ПлательщикИНН=
Получатель=Наша организация
ПолучательСчет=40802810000000012345
ПолучательИНН=0000000000
НазначениеПлатежа=Оплата товара, экваиринг
КонецДокумента
СекцияДокумент=Платежное поручение
Номер=1148
Дата=25.08.2026
Сумма=2040.68
Плательщик=Розничныи покупатель (экваиринг)
ПлательщикСчет=40702810000000099999
ПлательщикИНН=
Получатель=Наша организация
ПолучательСчет=40802810000000012345
ПолучательИНН=0000000000
НазначениеПлатежа=Оплата товара, экваиринг
КонецДокумента
СекцияДокумент=Платежное поручение
Номер=1149
Дата=26.08.2026
Сумма=4579.78
Плательщик=Розничныи покупатель (экваиринг)
ПлательщикСчет=40702810000000099999
ПлательщикИНН=
Получатель=Наша организация
ПолучательСчет=40802810000000012345
ПолучательИНН=0000000000
НазначениеПлатежа=Оплата товара, экваиринг
КонецДокумента
СекцияДокумент=Платежное поручение
Номер=1150
Дата=26.08.2026
Сумма=1873.02
Плательщик=Розничныи покупатель (экваиринг)
ПлательщикСчет=40702810000000099999
ПлательщикИНН=
Получатель=Наша организация
ПолучательСчет=40802810000000012345
ПолучательИНН=0000000000
НазначениеПлатежа=Оплата товара, экваиринг
КонецДокумента
СекцияДокумент=Платежное поручение
Номер=1151
Дата=26.08.2026
Сумма=1659.06
Плательщик=Розничныи покупатель (экваиринг)
ПлательщикСчет=40702810000000099999
ПлательщикИНН=
Получатель=Наша организация
ПолучательСчет=40802810000000012345
ПолучательИНН=0000000000
НазначениеПлатежа=Оплата товара, экваиринг
КонецДокумента
СекцияДокумент=Платежное поручение
Номер=1152
Дата=27.08.2026
Сумма=5168.02
Плательщик=Розничныи покупатель (экваиринг)
ПлательщикСчет=40702810000000099999
ПлательщикИНН=
Получатель=Наша организация
ПолучательСчет=40802810000000012345
ПолучательИНН=0000000000
НазначениеПлатежа=Оплата товара, экваиринг
КонецДокумента
СекцияДокумент=Платежное поручение
Номер=1153
Дата=27.08.2026
Сумма=4214.35
Плательщик=Розничныи покупатель (экваиринг)
ПлательщикСчет=40702810000000099999
ПлательщикИНН=
Получатель=Наша организация
ПолучательСчет=40802810000000012345
ПолучательИНН=0000000000
НазначениеПлатежа=Оплата товара, экваиринг
КонецДокумента
СекцияДокумент=Платежное поручение
Номер=1154
Дата=27.08.2026
Сумма=2032.06
Плательщик=Розничныи покупатель (экваиринг)
ПлательщикСчет=40702810000000099999
ПлательщикИНН=
Получатель=Наша организация
ПолучательСчет=40802810000000012345
ПолучательИНН=0000000000
НазначениеПлатежа=Оплата товара, экваиринг
КонецДокумента
СекцияДокумент=Платежное поручение
Номер=1155
Дата=28.08.2026
Сумма=3094.16
Плательщик=Розничныи покупатель (экваиринг)
ПлательщикСчет=40702810000000099999
ПлательщикИНН=
Получатель=Наша организация
ПолучательСчет=40802810000000012345
ПолучательИНН=0000000000
НазначениеПлатежа=Оплата товара, экваиринг
КонецДокумента
СекцияДокумент=Платежное поручение
Номер=1156
Дата=28.08.2026
Сумма=4194.78
Плательщик=Розничныи покупатель (экваиринг)
ПлательщикСчет=40702810000000099999
ПлательщикИНН=
Получатель=Наша организация
ПолучательСчет=40802810000000012345
ПолучательИНН=0000000000
НазначениеПлатежа=Оплата товара, экваиринг
КонецДокумента
СекцияДокумент=Платежное поручение
Номер=1157
Дата=28.08.2026
Сумма=4690.40
Плательщик=Розничныи покупатель (экваиринг)
ПлательщикСчет=40702810000000099999
ПлательщикИНН=
Получатель=Наша организация
ПолучательСчет=40802810000000012345
ПолучательИНН=0000000000
НазначениеПлатежа=Оплата товара, экваиринг
КонецДокумента
СекцияДокумент=Платежное поручение
Номер=1158
Дата=29.08.2026
Сумма=4855.45
Плательщик=Розничныи покупатель (экваиринг)
ПлательщикСчет=40702810000000099999
ПлательщикИНН=
Получатель=Наша организация
ПолучательСчет=40802810000000012345
ПолучательИНН=0000000000
НазначениеПлатежа=Оплата товара, экваиринг
КонецДокумента
СекцияДокумент=Платежное поручение
Номер=1159
Дата=29.08.2026
Сумма=3306.78
Плательщик=Розничныи покупатель (экваиринг)
ПлательщикСчет=40702810000000099999
ПлательщикИНН=
Получатель=Наша организация
ПолучательСчет=40802810000000012345
ПолучательИНН=0000000000
НазначениеПлатежа=Оплата товара, экваиринг
КонецДокумента
СекцияДокумент=Платежное поручение
Номер=1160
Дата=29.08.2026
Сумма=5147.45
Плательщик=Розничныи покупатель (экваиринг)
ПлательщикСчет=40702810000000099999
ПлательщикИНН=
Получатель=Наша организация
ПолучательСчет=40802810000000012345
ПолучательИНН=0000000000
НазначениеПлатежа=Оплата товара, экваиринг
КонецДокумента
СекцияДокумент=Платежное поручение
Номер=1161
Дата=30.08.2026
Сумма=2038.62
Плательщик=Розничныи покупатель (экваиринг)
ПлательщикСчет=40702810000000099999
ПлательщикИНН=
Получатель=Наша организация
ПолучательСчет=40802810000000012345
ПолучательИНН=0000000000
НазначениеПлатежа=Оплата товара, экваиринг
КонецДокумента
СекцияДокумент=Платежное поручение
Номер=1162
Дата=30.08.2026
Сумма=3997.48
Плательщик=Розничныи покупатель (экваиринг)
ПлательщикСчет=40702810000000099999
ПлательщикИНН=
Получатель=Наша организация
ПолучательСчет=40802810000000012345
ПолучательИНН=0000000000
НазначениеПлатежа=Оплата товара, экваиринг
КонецДокумента
СекцияДокумент=Платежное поручение
Номер=1163
Дата=30.08.2026
Сумма=3438.80
Плательщик=Розничныи покупатель (экваиринг)
ПлательщикСчет=40702810000000099999
ПлательщикИНН=
Получатель=Наша организация
ПолучательСчет=40802810000000012345
ПолучательИНН=0000000000
НазначениеПлатежа=Оплата товара, экваиринг
КонецДокумента
СекцияДокумент=Платежное поручение
Номер=1164
Дата=31.08.2026
Сумма=2529.67
Плательщик=Розничныи покупатель (экваиринг)
ПлательщикСчет=40702810000000099999
ПлательщикИНН=
Получатель=Наша организация
ПолучательСчет=40802810000000012345
ПолучательИНН=0000000000
НазначениеПлатежа=Оплата товара, экваиринг
КонецДокумента
СекцияДокумент=Платежное поручение
Номер=1165
Дата=31.08.2026
Сумма=3822.03
Плательщик=Розничныи покупатель (экваиринг)
ПлательщикСчет=40702810000000099999
ПлательщикИНН=
Получатель=Наша организация
ПолучательСчет=40802810000000012345
ПолучательИНН=0000000000
НазначениеПлатежа=Оплата товара, экваиринг
КонецДокумента
СекцияДокумент=Платежное поручение
Номер=1166
Дата=31.08.2026
Сумма=4047.03
Плательщик=Розничныи покупатель (экваиринг)
ПлательщикСчет=40702810000000099999
ПлательщикИНН=
Получатель=Наша организация
ПолучательСчет=40802810000000012345
ПолучательИНН=0000000000
НазначениеПлатежа=Оплата товара, экваиринг
КонецДокумента
СекцияДокумент=Платежное поручение
Номер=1167
Дата=01.09.2026
Сумма=5100.94
Плательщик=Розничныи покупатель (экваиринг)
ПлательщикСчет=40702810000000099999
ПлательщикИНН=
Получатель=Наша организация
ПолучательСчет=40802810000000012345
ПолучательИНН=0000000000
НазначениеПлатежа=Оплата товара, экваиринг
КонецДокумента
СекцияДокумент=Платежное поручение
Номер=1168
Дата=01.09.2026
Сумма=5493.24
Плательщик=Розничныи покупатель (экваиринг)
ПлательщикСчет=40702810000000099999
ПлательщикИНН=
Получатель=Наша организация
ПолучательСчет=40802810000000012345
ПолучательИНН=0000000000
НазначениеПлатежа=Оплата товара, экваиринг
КонецДокумента
СекцияДокумент=Платежное поручение
Номер=1169
Дата=02.09.2026
Сумма=2162.52
Плательщик=Розничныи покупатель (экваиринг)
ПлательщикСчет=40702810000000099999
ПлательщикИНН=
Получатель=Наша организация
ПолучательСчет=40802810000000012345
ПолучательИНН=0000000000
НазначениеПлатежа=Оплата товара, экваиринг
КонецДокумента
СекцияДокумент=Платежное поручение
Номер=1170
Дата=02.09.2026
Сумма=2906.06
Плательщик=Розничныи покупатель (экваиринг)
ПлательщикСчет=40702810000000099999
ПлательщикИНН=
Получатель=Наша организация
ПолучательСчет=40802810000000012345
ПолучательИНН=0000000000
НазначениеПлатежа=Оплата товара, экваиринг
КонецДокумента
СекцияДокумент=Платежное поручение
Номер=1171
Дата=03.09.2026
Сумма=3663.84
Плательщик=Розничныи покупатель (экваиринг)
ПлательщикСчет=40702810000000099999
ПлательщикИНН=
Получатель=Наша организация
ПолучательСчет=40802810000000012345
ПолучательИНН=0000000000
НазначениеПлатежа=Оплата товара, экваиринг
КонецДокумента
СекцияДокумент=Платежное поручение
Номер=1172
Дата=03.09.2026
Сумма=4000.47
Плательщик=Розничныи покупатель (экваиринг)
ПлательщикСчет=40702810000000099999
ПлательщикИНН=
Получатель=Наша организация
ПолучательСчет=40802810000000012345
ПолучательИНН=0000000000
НазначениеПлатежа=Оплата товара, экваиринг
КонецДокумента
СекцияДокумент=Платежное поручение
Номер=1173
Дата=04.09.2026
Сумма=2332.98
Плательщик=Розничныи покупатель (экваиринг)
ПлательщикСчет=40702810000000099999
ПлательщикИНН=
Получатель=Наша организация
ПолучательСчет=40802810000000012345
ПолучательИНН=0000000000
НазначениеПлатежа=Оплата товара, экваиринг
КонецДокумента
СекцияДокумент=Платежное поручение
Номер=1174
Дата=04.09.2026
Сумма=4328.01
Плательщик=Розничныи покупатель (экваиринг)
ПлательщикСчет=40702810000000099999
ПлательщикИНН=
Получатель=Наша организация
ПолучательСчет=40802810000000012345
ПолучательИНН=0000000000
НазначениеПлатежа=Оплата товара, экваиринг
КонецДокумента
СекцияДокумент=Платежное поручение
Номер=1175
Дата=05.09.2026
Сумма=90000.00
Плательщик=Наша организация
ПлательщикСчет=40802810000000012345
ПлательщикИНН=0000000000
Получатель=Арендодатель ООО «Пассаж»
ПолучательСчет=40702810000000099999
ПолучательИНН=7701234567
НазначениеПлатежа=Аренда торговои точки
КонецДокумента
СекцияДокумент=Платежное поручение
Номер=1176
Дата=05.09.2026
Сумма=2375.19
Плательщик=Розничныи покупатель (экваиринг)
ПлательщикСчет=40702810000000099999
ПлательщикИНН=
Получатель=Наша организация
ПолучательСчет=40802810000000012345
ПолучательИНН=0000000000
НазначениеПлатежа=Оплата товара, экваиринг
КонецДокумента
СекцияДокумент=Платежное поручение
Номер=1177
Дата=05.09.2026
Сумма=3049.08
Плательщик=Розничныи покупатель (экваиринг)
ПлательщикСчет=40702810000000099999
ПлательщикИНН=
Получатель=Наша организация
ПолучательСчет=40802810000000012345
ПолучательИНН=0000000000
НазначениеПлатежа=Оплата товара, экваиринг
КонецДокумента
СекцияДокумент=Платежное поручение
Номер=1178
Дата=06.09.2026
Сумма=1622.98
Плательщик=Розничныи покупатель (экваиринг)
ПлательщикСчет=40702810000000099999
ПлательщикИНН=
Получатель=Наша организация
ПолучательСчет=40802810000000012345
ПолучательИНН=0000000000
НазначениеПлатежа=Оплата товара, экваиринг
КонецДокумента
СекцияДокумент=Платежное поручение
Номер=1179
Дата=06.09.2026
Сумма=2487.71
Плательщик=Розничныи покупатель (экваиринг)
ПлательщикСчет=40702810000000099999
ПлательщикИНН=
Получатель=Наша организация
ПолучательСчет=40802810000000012345
ПолучательИНН=0000000000
НазначениеПлатежа=Оплата товара, экваиринг
КонецДокумента
СекцияДокумент=Платежное поручение
Номер=1180
Дата=07.09.2026
Сумма=3471.26
Плательщик=Розничныи покупатель (экваиринг)
ПлательщикСчет=40702810000000099999
ПлательщикИНН=
Получатель=Наша организация
ПолучательСчет=40802810000000012345
ПолучательИНН=0000000000
НазначениеПлатежа=Оплата товара, экваиринг
КонецДокумента
СекцияДокумент=Платежное поручение
Номер=1181
Дата=07.09.2026
Сумма=6283.52
Плательщик=Розничныи покупатель (экваиринг)
ПлательщикСчет=40702810000000099999
ПлательщикИНН=
Получатель=Наша организация
ПолучательСчет=40802810000000012345
ПолучательИНН=0000000000
НазначениеПлатежа=Оплата товара, экваиринг
КонецДокумента
СекцияДокумент=Платежное поручение
Номер=1182
Дата=08.09.2026
Сумма=3213.19
Плательщик=Розничныи покупатель (экваиринг)
ПлательщикСчет=40702810000000099999
ПлательщикИНН=
Получатель=Наша организация
ПолучательСчет=40802810000000012345
ПолучательИНН=0000000000
НазначениеПлатежа=Оплата товара, экваиринг
КонецДокумента
СекцияДокумент=Платежное поручение
Номер=1183
Дата=08.09.2026
Сумма=2121.28
Плательщик=Розничныи покупатель (экваиринг)
ПлательщикСчет=40702810000000099999
ПлательщикИНН=
Получатель=Наша организация
ПолучательСчет=40802810000000012345
ПолучательИНН=0000000000
НазначениеПлатежа=Оплата товара, экваиринг
КонецДокумента
СекцияДокумент=Платежное поручение
Номер=1184
Дата=09.09.2026
Сумма=5357.28
Плательщик=Розничныи покупатель (экваиринг)
ПлательщикСчет=40702810000000099999
ПлательщикИНН=
Получатель=Наша организация
ПолучательСчет=40802810000000012345
ПолучательИНН=0000000000
НазначениеПлатежа=Оплата товара, экваиринг
КонецДокумента
СекцияДокумент=Платежное поручение
Номер=1185
Дата=09.09.2026
Сумма=4080.11
Плательщик=Розничныи покупатель (экваиринг)
ПлательщикСчет=40702810000000099999
ПлательщикИНН=
Получатель=Наша организация
ПолучательСчет=40802810000000012345
ПолучательИНН=0000000000
НазначениеПлатежа=Оплата товара, экваиринг
КонецДокумента
СекцияДокумент=Платежное поручение
Номер=1186
Дата=10.09.2026
Сумма=6133.43
Плательщик=Розничныи покупатель (экваиринг)
ПлательщикСчет=40702810000000099999
ПлательщикИНН=
Получатель=Наша организация
ПолучательСчет=40802810000000012345
ПолучательИНН=0000000000
НазначениеПлатежа=Оплата товара, экваиринг
КонецДокумента
СекцияДокумент=Платежное поручение
Номер=1187
Дата=10.09.2026
Сумма=30251.10
Плательщик=Наша организация
ПлательщикСчет=40802810000000012345
ПлательщикИНН=0000000000
Получатель=Поставщик товаров ООО «Опторг»
ПолучательСчет=40702810000000099999
ПолучательИНН=5027001122
НазначениеПлатежа=Оплата поставки товара по счету
КонецДокумента
СекцияДокумент=Платежное поручение
Номер=1188
Дата=10.09.2026
Сумма=4802.90
Плательщик=Розничныи покупатель (экваиринг)
ПлательщикСчет=40702810000000099999
ПлательщикИНН=
Получатель=Наша организация
ПолучательСчет=40802810000000012345
ПолучательИНН=0000000000
НазначениеПлатежа=Оплата товара, экваиринг
КонецДокумента
СекцияДокумент=Платежное поручение
Номер=1189
Дата=11.09.2026
Сумма=5365.99
Плательщик=Розничныи покупатель (экваиринг)
ПлательщикСчет=40702810000000099999
ПлательщикИНН=
Получатель=Наша организация
ПолучательСчет=40802810000000012345
ПолучательИНН=0000000000
НазначениеПлатежа=Оплата товара, экваиринг
КонецДокумента
СекцияДокумент=Платежное поручение
Номер=1190
Дата=11.09.2026
Сумма=5620.62
Плательщик=Розничныи покупатель (экваиринг)
ПлательщикСчет=40702810000000099999
ПлательщикИНН=
Получатель=Наша организация
ПолучательСчет=40802810000000012345
ПолучательИНН=0000000000
НазначениеПлатежа=Оплата товара, экваиринг
КонецДокумента
СекцияДокумент=Платежное поручение
Номер=1191
Дата=12.09.2026
Сумма=4405.41
Плательщик=Розничныи покупатель (экваиринг)
ПлательщикСчет=40702810000000099999
ПлательщикИНН=
Получатель=Наша организация
ПолучательСчет=40802810000000012345
ПолучательИНН=0000000000
НазначениеПлатежа=Оплата товара, экваиринг
КонецДокумента
СекцияДокумент=Платежное поручение
Номер=1192
Дата=12.09.2026
Сумма=4982.18
Плательщик=Розничныи покупатель (экваиринг)
ПлательщикСчет=40702810000000099999
ПлательщикИНН=
Получатель=Наша организация
ПолучательСчет=40802810000000012345
ПолучательИНН=0000000000
НазначениеПлатежа=Оплата товара, экваиринг
КонецДокумента
СекцияДокумент=Платежное поручение
Номер=1193
Дата=13.09.2026
Сумма=3584.47
Плательщик=Розничныи покупатель (экваиринг)
ПлательщикСчет=40702810000000099999
ПлательщикИНН=
Получатель=Наша организация
ПолучательСчет=40802810000000012345
ПолучательИНН=0000000000
НазначениеПлатежа=Оплата товара, экваиринг
КонецДокумента
СекцияДокумент=Платежное поручение
Номер=1194
Дата=13.09.2026
Сумма=3599.30
Плательщик=Розничныи покупатель (экваиринг)
ПлательщикСчет=40702810000000099999
ПлательщикИНН=
Получатель=Наша организация
ПолучательСчет=40802810000000012345
ПолучательИНН=0000000000
НазначениеПлатежа=Оплата товара, экваиринг
КонецДокумента
СекцияДокумент=Платежное поручение
Номер=1195
Дата=14.09.2026
Сумма=5115.70
Плательщик=Розничныи покупатель (экваиринг)
ПлательщикСчет=40702810000000099999
ПлательщикИНН=
Получатель=Наша организация
ПолучательСчет=40802810000000012345
ПолучательИНН=0000000000
НазначениеПлатежа=Оплата товара, экваиринг
КонецДокумента
СекцияДокумент=Платежное поручение
Номер=1196
Дата=14.09.2026
Сумма=4402.68
Плательщик=Розничныи покупатель (экваиринг)
ПлательщикСчет=40702810000000099999
ПлательщикИНН=
Получатель=Наша организация
ПолучательСчет=40802810000000012345
ПолучательИНН=0000000000
НазначениеПлатежа=Оплата товара, экваиринг
КонецДокумента
СекцияДокумент=Платежное поручение
Номер=1197
Дата=15.09.2026
Сумма=12000.00
Плательщик=Наша организация
ПлательщикСчет=40802810000000012345
ПлательщикИНН=0000000000
Получатель=Банк «Кредитныи»
ПолучательСчет=40702810000000099999
ПолучательИНН=7709998887
НазначениеПлатежа=Платеж по кредиту, договор №445
КонецДокумента
СекцияДокумент=Платежное поручение
Номер=1198
Дата=15.09.2026
Сумма=5696.24
Плательщик=Розничныи покупатель (экваиринг)
ПлательщикСчет=40702810000000099999
ПлательщикИНН=
Получатель=Наша организация
ПолучательСчет=40802810000000012345
ПолучательИНН=0000000000
НазначениеПлатежа=Оплата товара, экваиринг
КонецДокумента
СекцияДокумент=Платежное поручение
Номер=1199
Дата=15.09.2026
Сумма=4382.95
Плательщик=Розничныи покупатель (экваиринг)
ПлательщикСчет=40702810000000099999
ПлательщикИНН=
Получатель=Наша организация
ПолучательСчет=40802810000000012345
ПолучательИНН=0000000000
НазначениеПлатежа=Оплата товара, экваиринг
КонецДокумента
СекцияДокумент=Платежное поручение
Номер=1200
Дата=16.09.2026
Сумма=3932.83
Плательщик=Розничныи покупатель (экваиринг)
ПлательщикСчет=40702810000000099999
ПлательщикИНН=
Получатель=Наша организация
ПолучательСчет=40802810000000012345
ПолучательИНН=0000000000
НазначениеПлатежа=Оплата товара, экваиринг
КонецДокумента
СекцияДокумент=Платежное поручение
Номер=1201
Дата=16.09.2026
Сумма=5780.29
Плательщик=Розничныи покупатель (экваиринг)
ПлательщикСчет=40702810000000099999
ПлательщикИНН=
Получатель=Наша организация
ПолучательСчет=40802810000000012345
ПолучательИНН=0000000000
НазначениеПлатежа=Оплата товара, экваиринг
КонецДокумента
СекцияДокумент=Платежное поручение
Номер=1202
Дата=17.09.2026
Сумма=4791.67
Плательщик=Розничныи покупатель (экваиринг)
ПлательщикСчет=40702810000000099999
ПлательщикИНН=
Получатель=Наша организация
ПолучательСчет=40802810000000012345
ПолучательИНН=0000000000
НазначениеПлатежа=Оплата товара, экваиринг
КонецДокумента
СекцияДокумент=Платежное поручение
Номер=1203
Дата=17.09.2026
Сумма=2617.91
Плательщик=Розничныи покупатель (экваиринг)
ПлательщикСчет=40702810000000099999
ПлательщикИНН=
Получатель=Наша организация
ПолучательСчет=40802810000000012345
ПолучательИНН=0000000000
НазначениеПлатежа=Оплата товара, экваиринг
КонецДокумента
СекцияДокумент=Платежное поручение
Номер=1204
Дата=18.09.2026
Сумма=5931.82
Плательщик=Розничныи покупатель (экваиринг)
ПлательщикСчет=40702810000000099999
ПлательщикИНН=
Получатель=Наша организация
ПолучательСчет=40802810000000012345
ПолучательИНН=0000000000
НазначениеПлатежа=Оплата товара, экваиринг
КонецДокумента
СекцияДокумент=Платежное поручение
Номер=1205
Дата=18.09.2026
Сумма=3524.21
Плательщик=Розничныи покупатель (экваиринг)
ПлательщикСчет=40702810000000099999
ПлательщикИНН=
Получатель=Наша организация
ПолучательСчет=40802810000000012345
ПолучательИНН=0000000000
НазначениеПлатежа=Оплата товара, экваиринг
КонецДокумента
СекцияДокумент=Платежное поручение
Номер=1206
Дата=19.09.2026
Сумма=3264.03
Плательщик=Розничныи покупатель (экваиринг)
ПлательщикСчет=40702810000000099999
ПлательщикИНН=
Получатель=Наша организация
ПолучательСчет=40802810000000012345
ПолучательИНН=0000000000
НазначениеПлатежа=Оплата товара, экваиринг
КонецДокумента
СекцияДокумент=Платежное поручение
Номер=1207
Дата=19.09.2026
Сумма=4065.59
Плательщик=Розничныи покупатель (экваиринг)
ПлательщикСчет=40702810000000099999
ПлательщикИНН=
Получатель=Наша организация
ПолучательСчет=40802810000000012345
ПолучательИНН=0000000000
НазначениеПлатежа=Оплата товара, экваиринг
КонецДокумента
СекцияДокумент=Платежное поручение
Номер=1208
Дата=20.09.2026
Сумма=58412.94
Плательщик=Наша организация
ПлательщикСчет=40802810000000012345
ПлательщикИНН=0000000000
Получатель=Поставщик товаров ООО «Опторг»
ПолучательСчет=40702810000000099999
ПолучательИНН=5027001122
НазначениеПлатежа=Оплата поставки товара по счету
КонецДокумента
СекцияДокумент=Платежное поручение
Номер=1209
Дата=20.09.2026
Сумма=4414.20
Плательщик=Розничныи покупатель (экваиринг)
ПлательщикСчет=40702810000000099999
ПлательщикИНН=
Получатель=Наша организация
ПолучательСчет=40802810000000012345
ПолучательИНН=0000000000
НазначениеПлатежа=Оплата товара, экваиринг
КонецДокумента
СекцияДокумент=Платежное поручение
Номер=1210
Дата=20.09.2026
Сумма=1680.30
Плательщик=Розничныи покупатель (экваиринг)
ПлательщикСчет=40702810000000099999
ПлательщикИНН=
Получатель=Наша организация
ПолучательСчет=40802810000000012345
ПолучательИНН=0000000000
НазначениеПлатежа=Оплата товара, экваиринг
КонецДокумента
СекцияДокумент=Платежное поручение
Номер=1211
Дата=21.09.2026
Сумма=4516.09
Плательщик=Розничныи покупатель (экваиринг)
ПлательщикСчет=40702810000000099999
ПлательщикИНН=
Получатель=Наша организация
ПолучательСчет=40802810000000012345
ПолучательИНН=0000000000
НазначениеПлатежа=Оплата товара, экваиринг
КонецДокумента
СекцияДокумент=Платежное поручение
Номер=1212
Дата=21.09.2026
Сумма=4425.39
Плательщик=Розничныи покупатель (экваиринг)
ПлательщикСчет=40702810000000099999
ПлательщикИНН=
Получатель=Наша организация
ПолучательСчет=40802810000000012345
ПолучательИНН=0000000000
НазначениеПлатежа=Оплата товара, экваиринг
КонецДокумента
СекцияДокумент=Платежное поручение
Номер=1213
Дата=22.09.2026
Сумма=4212.24
Плательщик=Розничныи покупатель (экваиринг)
ПлательщикСчет=40702810000000099999
ПлательщикИНН=
Получатель=Наша организация
ПолучательСчет=40802810000000012345
ПолучательИНН=0000000000
НазначениеПлатежа=Оплата товара, экваиринг
КонецДокумента
СекцияДокумент=Платежное поручение
Номер=1214
Дата=22.09.2026
Сумма=4772.01
Плательщик=Розничныи покупатель (экваиринг)
ПлательщикСчет=40702810000000099999
ПлательщикИНН=
Получатель=Наша организация
ПолучательСчет=40802810000000012345
ПолучательИНН=0000000000
НазначениеПлатежа=Оплата товара, экваиринг
КонецДокумента
СекцияДокумент=Платежное поручение
Номер=1215
Дата=23.09.2026
Сумма=3956.83
Плательщик=Розничныи покупатель (экваиринг)
ПлательщикСчет=40702810000000099999
ПлательщикИНН=
Получатель=Наша организация
ПолучательСчет=40802810000000012345
ПолучательИНН=0000000000
НазначениеПлатежа=Оплата товара, экваиринг
КонецДокумента
СекцияДокумент=Платежное поручение
Номер=1216
Дата=23.09.2026
Сумма=1963.34
Плательщик=Розничныи покупатель (экваиринг)
ПлательщикСчет=40702810000000099999
ПлательщикИНН=
Получатель=Наша организация
ПолучательСчет=40802810000000012345
ПолучательИНН=0000000000
НазначениеПлатежа=Оплата товара, экваиринг
КонецДокумента
СекцияДокумент=Платежное поручение
Номер=1217
Дата=24.09.2026
Сумма=1804.44
Плательщик=Розничныи покупатель (экваиринг)
ПлательщикСчет=40702810000000099999
ПлательщикИНН=
Получатель=Наша организация
ПолучательСчет=40802810000000012345
ПолучательИНН=0000000000
НазначениеПлатежа=Оплата товара, экваиринг
КонецДокумента
СекцияДокумент=Платежное поручение
Номер=1218
Дата=24.09.2026
Сумма=3944.09
Плательщик=Розничныи покупатель (экваиринг)
ПлательщикСчет=40702810000000099999
ПлательщикИНН=
Получатель=Наша организация
ПолучательСчет=40802810000000012345
ПолучательИНН=0000000000
НазначениеПлатежа=Оплата товара, экваиринг
КонецДокумента
СекцияДокумент=Платежное поручение
Номер=1219
Дата=25.09.2026
Сумма=65000.00
Плательщик=Наша организация
ПлательщикСчет=40802810000000012345
ПлательщикИНН=0000000000
Получатель=Иванова А.С.
ПолучательСчет=40702810000000099999
ПолучательИНН=
НазначениеПлатежа=Зарплата продавцу за месяц
КонецДокумента
СекцияДокумент=Платежное поручение
Номер=1220
Дата=25.09.2026
Сумма=5969.42
Плательщик=Розничныи покупатель (экваиринг)
ПлательщикСчет=40702810000000099999
ПлательщикИНН=
Получатель=Наша организация
ПолучательСчет=40802810000000012345
ПолучательИНН=0000000000
НазначениеПлатежа=Оплата товара, экваиринг
КонецДокумента
СекцияДокумент=Платежное поручение
Номер=1221
Дата=25.09.2026
Сумма=2499.01
Плательщик=Розничныи покупатель (экваиринг)
ПлательщикСчет=40702810000000099999
ПлательщикИНН=
Получатель=Наша организация
ПолучательСчет=40802810000000012345
ПолучательИНН=0000000000
НазначениеПлатежа=Оплата товара, экваиринг
КонецДокумента
СекцияДокумент=Платежное поручение
Номер=1222
Дата=26.09.2026
Сумма=2658.72
Плательщик=Розничныи покупатель (экваиринг)
ПлательщикСчет=40702810000000099999
ПлательщикИНН=
Получатель=Наша организация
ПолучательСчет=40802810000000012345
ПолучательИНН=0000000000
НазначениеПлатежа=Оплата товара, экваиринг
КонецДокумента
СекцияДокумент=Платежное поручение
Номер=1223
Дата=26.09.2026
Сумма=3845.07
Плательщик=Розничныи покупатель (экваиринг)
ПлательщикСчет=40702810000000099999
ПлательщикИНН=
Получатель=Наша организация
ПолучательСчет=40802810000000012345
ПолучательИНН=0000000000
НазначениеПлатежа=Оплата товара, экваиринг
КонецДокумента
СекцияДокумент=Платежное поручение
Номер=1224
Дата=27.09.2026
Сумма=1983.46
Плательщик=Розничныи покупатель (экваиринг)
ПлательщикСчет=40702810000000099999
ПлательщикИНН=
Получатель=Наша организация
ПолучательСчет=40802810000000012345
ПолучательИНН=0000000000
НазначениеПлатежа=Оплата товара, экваиринг
КонецДокумента
СекцияДокумент=Платежное поручение
Номер=1225
Дата=27.09.2026
Сумма=5369.90
Плательщик=Розничныи покупатель (экваиринг)
ПлательщикСчет=40702810000000099999
ПлательщикИНН=
Получатель=Наша организация
ПолучательСчет=40802810000000012345
ПолучательИНН=0000000000
НазначениеПлатежа=Оплата товара, экваиринг
КонецДокумента
СекцияДокумент=Платежное поручение
Номер=1226
Дата=28.09.2026
Сумма=2956.74
Плательщик=Розничныи покупатель (экваиринг)
ПлательщикСчет=40702810000000099999
ПлательщикИНН=
Получатель=Наша организация
ПолучательСчет=40802810000000012345
ПолучательИНН=0000000000
НазначениеПлатежа=Оплата товара, экваиринг
КонецДокумента
СекцияДокумент=Платежное поручение
Номер=1227
Дата=28.09.2026
Сумма=5011.44
Плательщик=Розничныи покупатель (экваиринг)
ПлательщикСчет=40702810000000099999
ПлательщикИНН=
Получатель=Наша организация
ПолучательСчет=40802810000000012345
ПолучательИНН=0000000000
НазначениеПлатежа=Оплата товара, экваиринг
КонецДокумента
СекцияДокумент=Платежное поручение
Номер=1228
Дата=29.09.2026
Сумма=3080.62
Плательщик=Розничныи покупатель (экваиринг)
ПлательщикСчет=40702810000000099999
ПлательщикИНН=
Получатель=Наша организация
ПолучательСчет=40802810000000012345
ПолучательИНН=0000000000
НазначениеПлатежа=Оплата товара, экваиринг
КонецДокумента
СекцияДокумент=Платежное поручение
Номер=1229
Дата=29.09.2026
Сумма=2546.01
Плательщик=Розничныи покупатель (экваиринг)
ПлательщикСчет=40702810000000099999
ПлательщикИНН=
Получатель=Наша организация
ПолучательСчет=40802810000000012345
ПолучательИНН=0000000000
НазначениеПлатежа=Оплата товара, экваиринг
КонецДокумента
СекцияДокумент=Платежное поручение
Номер=1230
Дата=30.09.2026
Сумма=3552.94
Плательщик=Розничныи покупатель (экваиринг)
ПлательщикСчет=40702810000000099999
ПлательщикИНН=
Получатель=Наша организация
ПолучательСчет=40802810000000012345
ПолучательИНН=0000000000
НазначениеПлатежа=Оплата товара, экваиринг
КонецДокумента
СекцияДокумент=Платежное поручение
Номер=1231
Дата=30.09.2026
Сумма=3616.59
Плательщик=Розничныи покупатель (экваиринг)
ПлательщикСчет=40702810000000099999
ПлательщикИНН=
Получатель=Наша организация
ПолучательСчет=40802810000000012345
ПолучательИНН=0000000000
НазначениеПлатежа=Оплата товара, экваиринг
КонецДокумента
КонецФайла
