1CClientBankExchange
ВерсияФормата=1.03
Кодировка=Windows
РасчСчет=40802810000000012345
СекцияРасчСчет
РасчСчет=40802810000000012345
КонецРасчСчет
СекцияДокумент=Платежное поручение
Номер=1001
Дата=05.01.2026
Сумма=40000.00
Плательщик=Наша организация
ПлательщикСчет=40802810000000012345
ПлательщикИНН=0000000000
Получатель=Арендодатель склада
ПолучательСчет=40702810000000099999
ПолучательИНН=7755001122
НазначениеПлатежа=Аренда склада
КонецДокумента
СекцияДокумент=Платежное поручение
Номер=1002
Дата=08.01.2026
Сумма=149696.38
Плательщик=Наша организация
ПлательщикСчет=40802810000000012345
ПлательщикИНН=0000000000
Получатель=Фабрика-производитель «Восток Пром»
ПолучательСчет=40702810000000099999
ПолучательИНН=2701998877
НазначениеПлатежа=Оплата производства партии товара
КонецДокумента
СекцияДокумент=Платежное поручение
Номер=1003
Дата=10.01.2026
Сумма=196036.49
Плательщик=Wildberries
ПлательщикСчет=40702810000000099999
ПлательщикИНН=7721617461
Получатель=Наша организация
ПолучательСчет=40802810000000012345
ПолучательИНН=0000000000
НазначениеПлатежа=Выплата за реализованныи товар (Wildberries), за минусом комиссии
КонецДокумента
СекцияДокумент=Платежное поручение
Номер=1004
Дата=18.01.2026
Сумма=20000.00
Плательщик=Наша организация
ПлательщикСчет=40802810000000012345
ПлательщикИНН=0000000000
Получатель=Банк «Кредитныи»
ПолучательСчет=40702810000000099999
ПолучательИНН=7709998887
НазначениеПлатежа=Платеж по кредиту, договор №221
КонецДокумента
СекцияДокумент=Платежное поручение
Номер=1005
Дата=25.01.2026
Сумма=150000.00
Плательщик=Наша организация
ПлательщикСчет=40802810000000012345
ПлательщикИНН=0000000000
Получатель=ФОТ сотрудников (реестр)
ПолучательСчет=40702810000000099999
ПолучательИНН=
НазначениеПлатежа=Зарплата сотрудникам за месяц
КонецДокумента
СекцияДокумент=Платежное поручение
Номер=1006
Дата=25.01.2026
Сумма=216567.12
Плательщик=Ozon
ПлательщикСчет=40702810000000099999
ПлательщикИНН=7735642672
Получатель=Наша организация
ПолучательСчет=40802810000000012345
ПолучательИНН=0000000000
НазначениеПлатежа=Выплата за реализованныи товар (Ozon), за минусом комиссии
КонецДокумента
СекцияДокумент=Платежное поручение
Номер=1007
Дата=05.02.2026
Сумма=40000.00
Плательщик=Наша организация
ПлательщикСчет=40802810000000012345
ПлательщикИНН=0000000000
Получатель=Арендодатель склада
ПолучательСчет=40702810000000099999
ПолучательИНН=7755001122
НазначениеПлатежа=Аренда склада
КонецДокумента
СекцияДокумент=Платежное поручение
Номер=1008
Дата=08.02.2026
Сумма=236092.51
Плательщик=Наша организация
ПлательщикСчет=40802810000000012345
ПлательщикИНН=0000000000
Получатель=Фабрика-производитель «Восток Пром»
ПолучательСчет=40702810000000099999
ПолучательИНН=2701998877
НазначениеПлатежа=Оплата производства партии товара
КонецДокумента
СекцияДокумент=Платежное поручение
Номер=1009
Дата=10.02.2026
Сумма=262960.61
Плательщик=Wildberries
ПлательщикСчет=40702810000000099999
ПлательщикИНН=7721617461
Получатель=Наша организация
ПолучательСчет=40802810000000012345
ПолучательИНН=0000000000
НазначениеПлатежа=Выплата за реализованныи товар (Wildberries), за минусом комиссии
КонецДокумента
СекцияДокумент=Платежное поручение
Номер=1010
Дата=18.02.2026
Сумма=20000.00
Плательщик=Наша организация
ПлательщикСчет=40802810000000012345
ПлательщикИНН=0000000000
Получатель=Банк «Кредитныи»
ПолучательСчет=40702810000000099999
ПолучательИНН=7709998887
НазначениеПлатежа=Платеж по кредиту, договор №221
КонецДокумента
СекцияДокумент=Платежное поручение
Номер=1011
Дата=25.02.2026
Сумма=150000.00
Плательщик=Наша организация
ПлательщикСчет=40802810000000012345
ПлательщикИНН=0000000000
Получатель=ФОТ сотрудников (реестр)
ПолучательСчет=40702810000000099999
ПолучательИНН=
НазначениеПлатежа=Зарплата сотрудникам за месяц
КонецДокумента
СекцияДокумент=Платежное поручение
Номер=1012
Дата=25.02.2026
Сумма=304889.29
Плательщик=Ozon
ПлательщикСчет=40702810000000099999
ПлательщикИНН=7735642672
Получатель=Наша организация
ПолучательСчет=40802810000000012345
ПолучательИНН=0000000000
НазначениеПлатежа=Выплата за реализованныи товар (Ozon), за минусом комиссии
КонецДокумента
СекцияДокумент=Платежное поручение
Номер=1013
Дата=05.03.2026
Сумма=40000.00
Плательщик=Наша организация
ПлательщикСчет=40802810000000012345
ПлательщикИНН=0000000000
Получатель=Арендодатель склада
ПолучательСчет=40702810000000099999
ПолучательИНН=7755001122
НазначениеПлатежа=Аренда склада
КонецДокумента
СекцияДокумент=Платежное поручение
Номер=1014
Дата=08.03.2026
Сумма=184135.72
Плательщик=Наша организация
ПлательщикСчет=40802810000000012345
ПлательщикИНН=0000000000
Получатель=Фабрика-производитель «Восток Пром»
ПолучательСчет=40702810000000099999
ПолучательИНН=2701998877
НазначениеПлатежа=Оплата производства партии товара
КонецДокумента
СекцияДокумент=Платежное поручение
Номер=1015
Дата=10.03.2026
Сумма=334599.14
Плательщик=Wildberries
ПлательщикСчет=40702810000000099999
ПлательщикИНН=7721617461
Получатель=Наша организация
ПолучательСчет=40802810000000012345
ПолучательИНН=0000000000
НазначениеПлатежа=Выплата за реализованныи товар (Wildberries), за минусом комиссии
КонецДокумента
СекцияДокумент=Платежное поручение
Номер=1016
Дата=18.03.2026
Сумма=20000.00
Плательщик=Наша организация
ПлательщикСчет=40802810000000012345
ПлательщикИНН=0000000000
Получатель=Банк «Кредитныи»
ПолучательСчет=40702810000000099999
ПолучательИНН=7709998887
НазначениеПлатежа=Платеж по кредиту, договор №221
КонецДокумента
СекцияДокумент=Платежное поручение
Номер=1017
Дата=25.03.2026
Сумма=150000.00
Плательщик=Наша организация
ПлательщикСчет=40802810000000012345
ПлательщикИНН=0000000000
Получатель=ФОТ сотрудников (реестр)
ПолучательСчет=40702810000000099999
ПолучательИНН=
НазначениеПлатежа=Зарплата сотрудникам за месяц
КонецДокумента
СекцияДокумент=Платежное поручение
Номер=1018
Дата=25.03.2026
Сумма=224709.52
Плательщик=Ozon
ПлательщикСчет=40702810000000099999
ПлательщикИНН=7735642672
Получатель=Наша организация
ПолучательСчет=40802810000000012345
ПолучательИНН=0000000000
НазначениеПлатежа=Выплата за реализованныи товар (Ozon), за минусом комиссии
КонецДокумента
КонецФайла
