1CClientBankExchange
ВерсияФормата=1.03
Кодировка=Windows
РасчСчет=40802810000000012345
СекцияРасчСчет
РасчСчет=40802810000000012345
КонецРасчСчет
СекцияДокумент=Платежное поручение
Номер=1001
Дата=05.07.2026
Сумма=40000.00
Плательщик=Наша организация
ПлательщикСчет=40802810000000012345
ПлательщикИНН=0000000000
Получатель=Арендодатель склада
ПолучательСчет=40702810000000099999
ПолучательИНН=7755001122
НазначениеПлатежа=Аренда склада
КонецДокумента
СекцияДокумент=Платежное поручение
Номер=1002
Дата=08.07.2026
Сумма=162480.92
Плательщик=Наша организация
ПлательщикСчет=40802810000000012345
ПлательщикИНН=0000000000
Получатель=Фабрика-производитель «Восток Пром»
ПолучательСчет=40702810000000099999
ПолучательИНН=2701998877
НазначениеПлатежа=Оплата производства партии товара
КонецДокумента
СекцияДокумент=Платежное поручение
Номер=1003
Дата=10.07.2026
Сумма=252037.55
Плательщик=Wildberries
ПлательщикСчет=40702810000000099999
ПлательщикИНН=7721617461
Получатель=Наша организация
ПолучательСчет=40802810000000012345
ПолучательИНН=0000000000
НазначениеПлатежа=Выплата за реализованныи товар (Wildberries), за минусом комиссии
КонецДокумента
СекцияДокумент=Платежное поручение
Номер=1004
Дата=18.07.2026
Сумма=20000.00
Плательщик=Наша организация
ПлательщикСчет=40802810000000012345
ПлательщикИНН=0000000000
Получатель=Банк «Кредитныи»
ПолучательСчет=40702810000000099999
ПолучательИНН=7709998887
НазначениеПлатежа=Платеж по кредиту, договор №221
КонецДокумента
СекцияДокумент=Платежное поручение
Номер=1005
Дата=25.07.2026
Сумма=150000.00
Плательщик=Наша организация
ПлательщикСчет=40802810000000012345
ПлательщикИНН=0000000000
Получатель=ФОТ сотрудников (реестр)
ПолучательСчет=40702810000000099999
ПолучательИНН=
НазначениеПлатежа=Зарплата сотрудникам за месяц
КонецДокумента
СекцияДокумент=Платежное поручение
Номер=1006
Дата=25.07.2026
Сумма=139811.16
Плательщик=Наша организация
ПлательщикСчет=40802810000000012345
ПлательщикИНН=0000000000
Получатель=ФНС России
ПолучательСчет=40702810000000099999
ПолучательИНН=7727406020
НазначениеПлатежа=Авансовыи платеж УСН 6% за 2 квартал 2026
КонецДокумента
СекцияДокумент=Платежное поручение
Номер=1007
Дата=25.07.2026
Сумма=339572.69
Плательщик=Ozon
ПлательщикСчет=40702810000000099999
ПлательщикИНН=7735642672
Получатель=Наша организация
ПолучательСчет=40802810000000012345
ПолучательИНН=0000000000
НазначениеПлатежа=Выплата за реализованныи товар (Ozon), за минусом комиссии
КонецДокумента
СекцияДокумент=Платежное поручение
Номер=1008
Дата=05.08.2026
Сумма=40000.00
Плательщик=Наша организация
ПлательщикСчет=40802810000000012345
ПлательщикИНН=0000000000
Получатель=Арендодатель склада
ПолучательСчет=40702810000000099999
ПолучательИНН=7755001122
НазначениеПлатежа=Аренда склада
КонецДокумента
СекцияДокумент=Платежное поручение
Номер=1009
Дата=08.08.2026
Сумма=139384.09
Плательщик=Наша организация
ПлательщикСчет=40802810000000012345
ПлательщикИНН=0000000000
Получатель=Фабрика-производитель «Восток Пром»
ПолучательСчет=40702810000000099999
ПолучательИНН=2701998877
НазначениеПлатежа=Оплата производства партии товара
КонецДокумента
СекцияДокумент=Платежное поручение
Номер=1010
Дата=10.08.2026
Сумма=392787.42
Плательщик=Wildberries
ПлательщикСчет=40702810000000099999
ПлательщикИНН=7721617461
Получатель=Наша организация
ПолучательСчет=40802810000000012345
ПолучательИНН=0000000000
НазначениеПлатежа=Выплата за реализованныи товар (Wildberries), за минусом комиссии
КонецДокумента
СекцияДокумент=Платежное поручение
Номер=1011
Дата=18.08.2026
Сумма=20000.00
Плательщик=Наша организация
ПлательщикСчет=40802810000000012345
ПлательщикИНН=0000000000
Получатель=Банк «Кредитныи»
ПолучательСчет=40702810000000099999
ПолучательИНН=7709998887
НазначениеПлатежа=Платеж по кредиту, договор №221
КонецДокумента
СекцияДокумент=Платежное поручение
Номер=1012
Дата=25.08.2026
Сумма=150000.00
Плательщик=Наша организация
ПлательщикСчет=40802810000000012345
ПлательщикИНН=0000000000
Получатель=ФОТ сотрудников (реестр)
ПолучательСчет=40702810000000099999
ПолучательИНН=
НазначениеПлатежа=Зарплата сотрудникам за месяц
КонецДокумента
СекцияДокумент=Платежное поручение
Номер=1013
Дата=25.08.2026
Сумма=410237.70
Плательщик=Ozon
ПлательщикСчет=40702810000000099999
ПлательщикИНН=7735642672
Получатель=Наша организация
ПолучательСчет=40802810000000012345
ПолучательИНН=0000000000
НазначениеПлатежа=Выплата за реализованныи товар (Ozon), за минусом комиссии
КонецДокумента
СекцияДокумент=Платежное поручение
Номер=1014
Дата=05.09.2026
Сумма=40000.00
Плательщик=Наша организация
ПлательщикСчет=40802810000000012345
ПлательщикИНН=0000000000
Получатель=Арендодатель склада
ПолучательСчет=40702810000000099999
ПолучательИНН=7755001122
НазначениеПлатежа=Аренда склада
КонецДокумента
СекцияДокумент=Платежное поручение
Номер=1015
Дата=08.09.2026
Сумма=207519.76
Плательщик=Наша организация
ПлательщикСчет=40802810000000012345
ПлательщикИНН=0000000000
Получатель=Фабрика-производитель «Восток Пром»
ПолучательСчет=40702810000000099999
ПолучательИНН=2701998877
НазначениеПлатежа=Оплата производства партии товара
КонецДокумента
СекцияДокумент=Платежное поручение
Номер=1016
Дата=10.09.2026
Сумма=494279.71
Плательщик=Wildberries
ПлательщикСчет=40702810000000099999
ПлательщикИНН=7721617461
Получатель=Наша организация
ПолучательСчет=40802810000000012345
ПолучательИНН=0000000000
НазначениеПлатежа=Выплата за реализованныи товар (Wildberries), за минусом комиссии
КонецДокумента
СекцияДокумент=Платежное поручение
Номер=1017
Дата=18.09.2026
Сумма=20000.00
Плательщик=Наша организация
ПлательщикСчет=40802810000000012345
ПлательщикИНН=0000000000
Получатель=Банк «Кредитныи»
ПолучательСчет=40702810000000099999
ПолучательИНН=7709998887
НазначениеПлатежа=Платеж по кредиту, договор №221
КонецДокумента
СекцияДокумент=Платежное поручение
Номер=1018
Дата=25.09.2026
Сумма=150000.00
Плательщик=Наша организация
ПлательщикСчет=40802810000000012345
ПлательщикИНН=0000000000
Получатель=ФОТ сотрудников (реестр)
ПолучательСчет=40702810000000099999
ПолучательИНН=
НазначениеПлатежа=Зарплата сотрудникам за месяц
КонецДокумента
СекцияДокумент=Платежное поручение
Номер=1019
Дата=25.09.2026
Сумма=268930.03
Плательщик=Ozon
ПлательщикСчет=40702810000000099999
ПлательщикИНН=7735642672
Получатель=Наша организация
ПолучательСчет=40802810000000012345
ПолучательИНН=0000000000
НазначениеПлатежа=Выплата за реализованныи товар (Ozon), за минусом комиссии
КонецДокумента
КонецФайла
