1CClientBankExchange
ВерсияФормата=1.03
Кодировка=Windows
РасчСчет=40802810000000012345
СекцияРасчСчет
РасчСчет=40802810000000012345
КонецРасчСчет
СекцияДокумент=Платежное поручение
Номер=1001
Дата=05.10.2026
Сумма=40000.00
Плательщик=Наша организация
ПлательщикСчет=40802810000000012345
ПлательщикИНН=0000000000
Получатель=Арендодатель склада
ПолучательСчет=40702810000000099999
ПолучательИНН=7755001122
НазначениеПлатежа=Аренда склада
КонецДокумента
СекцияДокумент=Платежное поручение
Номер=1002
Дата=08.10.2026
Сумма=187747.70
Плательщик=Наша организация
ПлательщикСчет=40802810000000012345
ПлательщикИНН=0000000000
Получатель=Фабрика-производитель «Восток Пром»
ПолучательСчет=40702810000000099999
ПолучательИНН=2701998877
НазначениеПлатежа=Оплата производства партии товара
КонецДокумента
СекцияДокумент=Платежное поручение
Номер=1003
Дата=10.10.2026
Сумма=411132.40
Плательщик=Wildberries
ПлательщикСчет=40702810000000099999
ПлательщикИНН=7721617461
Получатель=Наша организация
ПолучательСчет=40802810000000012345
ПолучательИНН=0000000000
НазначениеПлатежа=Выплата за реализованныи товар (Wildberries), за минусом комиссии
КонецДокумента
СекцияДокумент=Платежное поручение
Номер=1004
Дата=18.10.2026
Сумма=20000.00
Плательщик=Наша организация
ПлательщикСчет=40802810000000012345
ПлательщикИНН=0000000000
Получатель=Банк «Кредитныи»
ПолучательСчет=40702810000000099999
ПолучательИНН=7709998887
НазначениеПлатежа=Платеж по кредиту, договор №221
КонецДокумента
СекцияДокумент=Платежное поручение
Номер=1005
Дата=25.10.2026
Сумма=150000.00
Плательщик=Наша организация
ПлательщикСчет=40802810000000012345
ПлательщикИНН=0000000000
Получатель=ФОТ сотрудников (реестр)
ПолучательСчет=40702810000000099999
ПолучательИНН=
НазначениеПлатежа=Зарплата сотрудникам за месяц
КонецДокумента
СекцияДокумент=Платежное поручение
Номер=1006
Дата=25.10.2026
Сумма=505475.88
Плательщик=Ozon
ПлательщикСчет=40702810000000099999
ПлательщикИНН=7735642672
Получатель=Наша организация
ПолучательСчет=40802810000000012345
ПолучательИНН=0000000000
НазначениеПлатежа=Выплата за реализованныи товар (Ozon), за минусом комиссии
КонецДокумента
СекцияДокумент=Платежное поручение
Номер=1007
Дата=25.10.2026
Сумма=129470.71
Плательщик=Наша организация
ПлательщикСчет=40802810000000012345
ПлательщикИНН=0000000000
Получатель=ФНС России
ПолучательСчет=40702810000000099999
ПолучательИНН=7727406020
НазначениеПлатежа=Авансовыи платеж УСН 6% за 3 квартал 2026
КонецДокумента
СекцияДокумент=Платежное поручение
Номер=1008
Дата=05.11.2026
Сумма=40000.00
Плательщик=Наша организация
ПлательщикСчет=40802810000000012345
ПлательщикИНН=0000000000
Получатель=Арендодатель склада
ПолучательСчет=40702810000000099999
ПолучательИНН=7755001122
НазначениеПлатежа=Аренда склада
КонецДокумента
СекцияДокумент=Платежное поручение
Номер=1009
Дата=08.11.2026
Сумма=144284.16
Плательщик=Наша организация
ПлательщикСчет=40802810000000012345
ПлательщикИНН=0000000000
Получатель=Фабрика-производитель «Восток Пром»
ПолучательСчет=40702810000000099999
ПолучательИНН=2701998877
НазначениеПлатежа=Оплата производства партии товара
КонецДокумента
СекцияДокумент=Платежное поручение
Номер=1010
Дата=10.11.2026
Сумма=599686.91
Плательщик=Wildberries
ПлательщикСчет=40702810000000099999
ПлательщикИНН=7721617461
Получатель=Наша организация
ПолучательСчет=40802810000000012345
ПолучательИНН=0000000000
НазначениеПлатежа=Выплата за реализованныи товар (Wildberries), за минусом комиссии
КонецДокумента
СекцияДокумент=Платежное поручение
Номер=1011
Дата=18.11.2026
Сумма=20000.00
Плательщик=Наша организация
ПлательщикСчет=40802810000000012345
ПлательщикИНН=0000000000
Получатель=Банк «Кредитныи»
ПолучательСчет=40702810000000099999
ПолучательИНН=7709998887
НазначениеПлатежа=Платеж по кредиту, договор №221
КонецДокумента
СекцияДокумент=Платежное поручение
Номер=1012
Дата=25.11.2026
Сумма=150000.00
Плательщик=Наша организация
ПлательщикСчет=40802810000000012345
ПлательщикИНН=0000000000
Получатель=ФОТ сотрудников (реестр)
ПолучательСчет=40702810000000099999
ПолучательИНН=
НазначениеПлатежа=Зарплата сотрудникам за месяц
КонецДокумента
СекцияДокумент=Платежное поручение
Номер=1013
Дата=25.11.2026
Сумма=605050.55
Плательщик=Ozon
ПлательщикСчет=40702810000000099999
ПлательщикИНН=7735642672
Получатель=Наша организация
ПолучательСчет=40802810000000012345
ПолучательИНН=0000000000
НазначениеПлатежа=Выплата за реализованныи товар (Ozon), за минусом комиссии
КонецДокумента
СекцияДокумент=Платежное поручение
Номер=1014
Дата=05.12.2026
Сумма=40000.00
Плательщик=Наша организация
ПлательщикСчет=40802810000000012345
ПлательщикИНН=0000000000
Получатель=Арендодатель склада
ПолучательСчет=40702810000000099999
ПолучательИНН=7755001122
НазначениеПлатежа=Аренда склада
КонецДокумента
СекцияДокумент=Платежное поручение
Номер=1015
Дата=08.12.2026
Сумма=180761.76
Плательщик=Наша организация
ПлательщикСчет=40802810000000012345
ПлательщикИНН=0000000000
Получатель=Фабрика-производитель «Восток Пром»
ПолучательСчет=40702810000000099999
ПолучательИНН=2701998877
НазначениеПлатежа=Оплата производства партии товара
КонецДокумента
СекцияДокумент=Платежное поручение
Номер=1016
Дата=10.12.2026
Сумма=573289.79
Плательщик=Wildberries
ПлательщикСчет=40702810000000099999
ПлательщикИНН=7721617461
Получатель=Наша организация
ПолучательСчет=40802810000000012345
ПолучательИНН=0000000000
НазначениеПлатежа=Выплата за реализованныи товар (Wildberries), за минусом комиссии
КонецДокумента
СекцияДокумент=Платежное поручение
Номер=1017
Дата=18.12.2026
Сумма=20000.00
Плательщик=Наша организация
ПлательщикСчет=40802810000000012345
ПлательщикИНН=0000000000
Получатель=Банк «Кредитныи»
ПолучательСчет=40702810000000099999
ПолучательИНН=7709998887
НазначениеПлатежа=Платеж по кредиту, договор №221
КонецДокумента
СекцияДокумент=Платежное поручение
Номер=1018
Дата=25.12.2026
Сумма=150000.00
Плательщик=Наша организация
ПлательщикСчет=40802810000000012345
ПлательщикИНН=0000000000
Получатель=ФОТ сотрудников (реестр)
ПолучательСчет=40702810000000099999
ПолучательИНН=
НазначениеПлатежа=Зарплата сотрудникам за месяц
КонецДокумента
СекцияДокумент=Платежное поручение
Номер=1019
Дата=25.12.2026
Сумма=663508.15
Плательщик=Ozon
ПлательщикСчет=40702810000000099999
ПлательщикИНН=7735642672
Получатель=Наша организация
ПолучательСчет=40802810000000012345
ПолучательИНН=0000000000
НазначениеПлатежа=Выплата за реализованныи товар (Ozon), за минусом комиссии
КонецДокумента
СекцияДокумент=Платежное поручение
Номер=1020
Дата=28.12.2026
Сумма=201488.62
Плательщик=Наша организация
ПлательщикСчет=40802810000000012345
ПлательщикИНН=0000000000
Получатель=ФНС России
ПолучательСчет=40702810000000099999
ПолучательИНН=7727406020
НазначениеПлатежа=Авансовыи платеж УСН 6% за 4 квартал 2026
КонецДокумента
КонецФайла
