1CClientBankExchange
ВерсияФормата=1.03
Кодировка=Windows
Отправитель=БАНК ВТБ (ПАО)
Получатель=
ДатаСоздания=30.09.2025
ВремяСоздания=18:00:00
ДатаНачала=01.07.2025
ДатаКонца=30.09.2025
РасчСчет=40702810200991157228
СекцияРасчСчет
ДатаНачала=01.07.2025
ДатаКонца=30.09.2025
РасчСчет=40702810200991157228
НачальныйОстаток=250000.00
КонецРасчСчет
СекцияДокумент=Платежное поручение
Номер=1
Дата=01.07.2025
Сумма=41238.00
ПлательщикСчет=40702810084713330076
Плательщик=АО «ТБАНК» (эквайринг)
ПлательщикИНН=7710140679
ПолучательСчет=40702810200991157228
Получатель=ООО «Кафе Уют»
ПолучательИНН=7701998877
НазначениеПлатежа=Зачисление по операциям эквайринга. НДС не облагается
КонецДокумента
СекцияДокумент=Платежное поручение
Номер=2
Дата=02.07.2025
Сумма=53548.00
ПлательщикСчет=40702810084713330076
Плательщик=АО «ТБАНК» (эквайринг)
ПлательщикИНН=7710140679
ПолучательСчет=40702810200991157228
Получатель=ООО «Кафе Уют»
ПолучательИНН=7701998877
НазначениеПлатежа=Зачисление по операциям эквайринга. НДС не облагается
КонецДокумента
СекцияДокумент=Платежное поручение
Номер=3
Дата=02.07.2025
Сумма=180000.00
ПлательщикСчет=40702810200991157228
Плательщик=ООО «Кафе Уют»
ПлательщикИНН=7701998877
ПолучательСчет=40702810425964116694
Получатель=ИП Тарасов В. Г.
ПолучательИНН=770912345678
НазначениеПлатежа=Аренда помещения общепита за 07.2025. НДС не облагается
КонецДокумента
СекцияДокумент=Платежное поручение
Номер=4
Дата=02.07.2025
Сумма=56704.00
ПлательщикСчет=40702810200991157228
Плательщик=ООО «Кафе Уют»
ПлательщикИНН=7701998877
ПолучательСчет=40702810279048852647
Получатель=ООО «ПродОпт Свежесть»
ПолучательИНН=5029223311
НазначениеПлатежа=Оплата за продукты питания, накладная от 02.07.2025. В т.ч. НДС
КонецДокумента
СекцияДокумент=Платежное поручение
Номер=5
Дата=03.07.2025
Сумма=38580.00
ПлательщикСчет=40702810084713330076
Плательщик=АО «ТБАНК» (эквайринг)
ПлательщикИНН=7710140679
ПолучательСчет=40702810200991157228
Получатель=ООО «Кафе Уют»
ПолучательИНН=7701998877
НазначениеПлатежа=Зачисление по операциям эквайринга. НДС не облагается
КонецДокумента
СекцияДокумент=Платежное поручение
Номер=6
Дата=04.07.2025
Сумма=64038.00
ПлательщикСчет=40702810084713330076
Плательщик=АО «ТБАНК» (эквайринг)
ПлательщикИНН=7710140679
ПолучательСчет=40702810200991157228
Получатель=ООО «Кафе Уют»
ПолучательИНН=7701998877
НазначениеПлатежа=Зачисление по операциям эквайринга. НДС не облагается
КонецДокумента
СекцияДокумент=Платежное поручение
Номер=7
Дата=04.07.2025
Сумма=33968.00
ПлательщикСчет=40702810200991157228
Плательщик=ООО «Кафе Уют»
ПлательщикИНН=7701998877
ПолучательСчет=40702810279048852647
Получатель=ООО «ПродОпт Свежесть»
ПолучательИНН=5029223311
НазначениеПлатежа=Оплата за продукты питания, накладная от 04.07.2025. В т.ч. НДС
КонецДокумента
СекцияДокумент=Платежное поручение
Номер=8
Дата=05.07.2025
Сумма=81327.00
ПлательщикСчет=40702810084713330076
Плательщик=АО «ТБАНК» (эквайринг)
ПлательщикИНН=7710140679
ПолучательСчет=40702810200991157228
Получатель=ООО «Кафе Уют»
ПолучательИНН=7701998877
НазначениеПлатежа=Зачисление по операциям эквайринга. НДС не облагается
КонецДокумента
СекцияДокумент=Платежное поручение
Номер=9
Дата=06.07.2025
Сумма=49905.00
ПлательщикСчет=40702810084713330076
Плательщик=АО «ТБАНК» (эквайринг)
ПлательщикИНН=7710140679
ПолучательСчет=40702810200991157228
Получатель=ООО «Кафе Уют»
ПолучательИНН=7701998877
НазначениеПлатежа=Зачисление по операциям эквайринга. НДС не облагается
КонецДокумента
СекцияДокумент=Платежное поручение
Номер=10
Дата=07.07.2025
Сумма=30819.00
ПлательщикСчет=40702810084713330076
Плательщик=АО «ТБАНК» (эквайринг)
ПлательщикИНН=7710140679
ПолучательСчет=40702810200991157228
Получатель=ООО «Кафе Уют»
ПолучательИНН=7701998877
НазначениеПлатежа=Зачисление по операциям эквайринга. НДС не облагается
КонецДокумента
СекцияДокумент=Платежное поручение
Номер=11
Дата=07.07.2025
Сумма=38428.00
ПлательщикСчет=40702810200991157228
Плательщик=ООО «Кафе Уют»
ПлательщикИНН=7701998877
ПолучательСчет=40702810279048852647
Получатель=ООО «ПродОпт Свежесть»
ПолучательИНН=5029223311
НазначениеПлатежа=Оплата за продукты питания, накладная от 07.07.2025. В т.ч. НДС
КонецДокумента
СекцияДокумент=Платежное поручение
Номер=12
Дата=08.07.2025
Сумма=25617.00
ПлательщикСчет=40702810084713330076
Плательщик=АО «ТБАНК» (эквайринг)
ПлательщикИНН=7710140679
ПолучательСчет=40702810200991157228
Получатель=ООО «Кафе Уют»
ПолучательИНН=7701998877
НазначениеПлатежа=Зачисление по операциям эквайринга. НДС не облагается
КонецДокумента
СекцияДокумент=Платежное поручение
Номер=13
Дата=09.07.2025
Сумма=43700.00
ПлательщикСчет=40702810084713330076
Плательщик=АО «ТБАНК» (эквайринг)
ПлательщикИНН=7710140679
ПолучательСчет=40702810200991157228
Получатель=ООО «Кафе Уют»
ПолучательИНН=7701998877
НазначениеПлатежа=Зачисление по операциям эквайринга. НДС не облагается
КонецДокумента
СекцияДокумент=Платежное поручение
Номер=14
Дата=09.07.2025
Сумма=32913.00
ПлательщикСчет=40702810200991157228
Плательщик=ООО «Кафе Уют»
ПлательщикИНН=7701998877
ПолучательСчет=40702810627683571923
Получатель=ООО «Мясной Двор»
ПолучательИНН=5044119988
НазначениеПлатежа=Оплата за продукты питания, накладная от 09.07.2025. В т.ч. НДС
КонецДокумента
СекцияДокумент=Платежное поручение
Номер=15
Дата=10.07.2025
Сумма=53554.00
ПлательщикСчет=40702810084713330076
Плательщик=АО «ТБАНК» (эквайринг)
ПлательщикИНН=7710140679
ПолучательСчет=40702810200991157228
Получатель=ООО «Кафе Уют»
ПолучательИНН=7701998877
НазначениеПлатежа=Зачисление по операциям эквайринга. НДС не облагается
КонецДокумента
СекцияДокумент=Платежное поручение
Номер=16
Дата=10.07.2025
Сумма=34942.00
ПлательщикСчет=40702810200991157228
Плательщик=ООО «Кафе Уют»
ПлательщикИНН=7701998877
ПолучательСчет=40702810994064229092
Получатель=ООО «Кафе Уют» // Николаев Р. А.
ПолучательИНН=
НазначениеПлатежа=аванс за 07.2025
КонецДокумента
СекцияДокумент=Платежное поручение
Номер=17
Дата=10.07.2025
Сумма=33160.00
ПлательщикСчет=40702810200991157228
Плательщик=ООО «Кафе Уют»
ПлательщикИНН=7701998877
ПолучательСчет=40702810789471705412
Получатель=ООО «Кафе Уют» // Егорова Т. С.
ПолучательИНН=
НазначениеПлатежа=аванс за 07.2025
КонецДокумента
СекцияДокумент=Платежное поручение
Номер=18
Дата=10.07.2025
Сумма=21190.00
ПлательщикСчет=40702810200991157228
Плательщик=ООО «Кафе Уют»
ПлательщикИНН=7701998877
ПолучательСчет=40702810709572127687
Получатель=ООО «Кафе Уют» // Павлов Д. И.
ПолучательИНН=
НазначениеПлатежа=аванс за 07.2025
КонецДокумента
СекцияДокумент=Платежное поручение
Номер=19
Дата=10.07.2025
Сумма=30465.00
ПлательщикСчет=40702810200991157228
Плательщик=ООО «Кафе Уют»
ПлательщикИНН=7701998877
ПолучательСчет=40702810914539247425
Получатель=ООО «Кафе Уют» // Сидорова М. В.
ПолучательИНН=
НазначениеПлатежа=аванс за 07.2025
КонецДокумента
СекцияДокумент=Платежное поручение
Номер=20
Дата=10.07.2025
Сумма=27901.00
ПлательщикСчет=40702810200991157228
Плательщик=ООО «Кафе Уют»
ПлательщикИНН=7701998877
ПолучательСчет=40702810741119519236
Получатель=ООО «Кафе Уют» // Козлов А. А.
ПолучательИНН=
НазначениеПлатежа=аванс за 07.2025
КонецДокумента
СекцияДокумент=Платежное поручение
Номер=21
Дата=10.07.2025
Сумма=30791.00
ПлательщикСчет=40702810200991157228
Плательщик=ООО «Кафе Уют»
ПлательщикИНН=7701998877
ПолучательСчет=40702810237832156285
Получатель=ООО «Кафе Уют» // Белова Ю. Н.
ПолучательИНН=
НазначениеПлатежа=аванс за 07.2025
КонецДокумента
СекцияДокумент=Платежное поручение
Номер=22
Дата=11.07.2025
Сумма=81813.00
ПлательщикСчет=40702810084713330076
Плательщик=АО «ТБАНК» (эквайринг)
ПлательщикИНН=7710140679
ПолучательСчет=40702810200991157228
Получатель=ООО «Кафе Уют»
ПолучательИНН=7701998877
НазначениеПлатежа=Зачисление по операциям эквайринга. НДС не облагается
КонецДокумента
СекцияДокумент=Платежное поручение
Номер=23
Дата=11.07.2025
Сумма=56225.00
ПлательщикСчет=40702810200991157228
Плательщик=ООО «Кафе Уют»
ПлательщикИНН=7701998877
ПолучательСчет=40702810279048852647
Получатель=ООО «ПродОпт Свежесть»
ПолучательИНН=5029223311
НазначениеПлатежа=Оплата за продукты питания, накладная от 11.07.2025. В т.ч. НДС
КонецДокумента
СекцияДокумент=Платежное поручение
Номер=24
Дата=12.07.2025
Сумма=77911.00
ПлательщикСчет=40702810084713330076
Плательщик=АО «ТБАНК» (эквайринг)
ПлательщикИНН=7710140679
ПолучательСчет=40702810200991157228
Получатель=ООО «Кафе Уют»
ПолучательИНН=7701998877
НазначениеПлатежа=Зачисление по операциям эквайринга. НДС не облагается
КонецДокумента
СекцияДокумент=Платежное поручение
Номер=25
Дата=13.07.2025
Сумма=76018.00
ПлательщикСчет=40702810084713330076
Плательщик=АО «ТБАНК» (эквайринг)
ПлательщикИНН=7710140679
ПолучательСчет=40702810200991157228
Получатель=ООО «Кафе Уют»
ПолучательИНН=7701998877
НазначениеПлатежа=Зачисление по операциям эквайринга. НДС не облагается
КонецДокумента
СекцияДокумент=Платежное поручение
Номер=26
Дата=14.07.2025
Сумма=42390.00
ПлательщикСчет=40702810084713330076
Плательщик=АО «ТБАНК» (эквайринг)
ПлательщикИНН=7710140679
ПолучательСчет=40702810200991157228
Получатель=ООО «Кафе Уют»
ПолучательИНН=7701998877
НазначениеПлатежа=Зачисление по операциям эквайринга. НДС не облагается
КонецДокумента
СекцияДокумент=Платежное поручение
Номер=27
Дата=14.07.2025
Сумма=43870.00
ПлательщикСчет=40702810200991157228
Плательщик=ООО «Кафе Уют»
ПлательщикИНН=7701998877
ПолучательСчет=40702810627683571923
Получатель=ООО «Мясной Двор»
ПолучательИНН=5044119988
НазначениеПлатежа=Оплата за продукты питания, накладная от 14.07.2025. В т.ч. НДС
КонецДокумента
СекцияДокумент=Платежное поручение
Номер=28
Дата=15.07.2025
Сумма=37455.00
ПлательщикСчет=40702810084713330076
Плательщик=АО «ТБАНК» (эквайринг)
ПлательщикИНН=7710140679
ПолучательСчет=40702810200991157228
Получатель=ООО «Кафе Уют»
ПолучательИНН=7701998877
НазначениеПлатежа=Зачисление по операциям эквайринга. НДС не облагается
КонецДокумента
СекцияДокумент=Платежное поручение
Номер=29
Дата=15.07.2025
Сумма=50877.00
ПлательщикСчет=40702810200991157228
Плательщик=ООО «Кафе Уют»
ПлательщикИНН=7701998877
ПолучательСчет=40702810164006400573
Получатель=АО «Мосэнергосбыт»
ПолучательИНН=7736520080
НазначениеПлатежа=Оплата электроэнергии за 07.2025. В т.ч. НДС 20%
КонецДокумента
СекцияДокумент=Платежное поручение
Номер=30
Дата=16.07.2025
Сумма=45554.00
ПлательщикСчет=40702810084713330076
Плательщик=АО «ТБАНК» (эквайринг)
ПлательщикИНН=7710140679
ПолучательСчет=40702810200991157228
Получатель=ООО «Кафе Уют»
ПолучательИНН=7701998877
НазначениеПлатежа=Зачисление по операциям эквайринга. НДС не облагается
КонецДокумента
СекцияДокумент=Платежное поручение
Номер=31
Дата=16.07.2025
Сумма=36422.00
ПлательщикСчет=40702810200991157228
Плательщик=ООО «Кафе Уют»
ПлательщикИНН=7701998877
ПолучательСчет=40702810301404728621
Получатель=ООО «Метро Кэш энд Керри»
ПолучательИНН=7704218694
НазначениеПлатежа=Оплата за продукты питания, накладная от 16.07.2025. В т.ч. НДС
КонецДокумента
СекцияДокумент=Платежное поручение
Номер=32
Дата=17.07.2025
Сумма=41705.00
ПлательщикСчет=40702810084713330076
Плательщик=АО «ТБАНК» (эквайринг)
ПлательщикИНН=7710140679
ПолучательСчет=40702810200991157228
Получатель=ООО «Кафе Уют»
ПолучательИНН=7701998877
НазначениеПлатежа=Зачисление по операциям эквайринга. НДС не облагается
КонецДокумента
СекцияДокумент=Платежное поручение
Номер=33
Дата=18.07.2025
Сумма=77725.00
ПлательщикСчет=40702810084713330076
Плательщик=АО «ТБАНК» (эквайринг)
ПлательщикИНН=7710140679
ПолучательСчет=40702810200991157228
Получатель=ООО «Кафе Уют»
ПолучательИНН=7701998877
НазначениеПлатежа=Зачисление по операциям эквайринга. НДС не облагается
КонецДокумента
СекцияДокумент=Платежное поручение
Номер=34
Дата=18.07.2025
Сумма=39158.00
ПлательщикСчет=40702810200991157228
Плательщик=ООО «Кафе Уют»
ПлательщикИНН=7701998877
ПолучательСчет=40702810301404728621
Получатель=ООО «Метро Кэш энд Керри»
ПолучательИНН=7704218694
НазначениеПлатежа=Оплата за продукты питания, накладная от 18.07.2025. В т.ч. НДС
КонецДокумента
СекцияДокумент=Платежное поручение
Номер=35
Дата=19.07.2025
Сумма=47956.00
ПлательщикСчет=40702810084713330076
Плательщик=АО «ТБАНК» (эквайринг)
ПлательщикИНН=7710140679
ПолучательСчет=40702810200991157228
Получатель=ООО «Кафе Уют»
ПолучательИНН=7701998877
НазначениеПлатежа=Зачисление по операциям эквайринга. НДС не облагается
КонецДокумента
СекцияДокумент=Платежное поручение
Номер=36
Дата=20.07.2025
Сумма=80553.00
ПлательщикСчет=40702810084713330076
Плательщик=АО «ТБАНК» (эквайринг)
ПлательщикИНН=7710140679
ПолучательСчет=40702810200991157228
Получатель=ООО «Кафе Уют»
ПолучательИНН=7701998877
НазначениеПлатежа=Зачисление по операциям эквайринга. НДС не облагается
КонецДокумента
СекцияДокумент=Платежное поручение
Номер=37
Дата=21.07.2025
Сумма=29282.00
ПлательщикСчет=40702810084713330076
Плательщик=АО «ТБАНК» (эквайринг)
ПлательщикИНН=7710140679
ПолучательСчет=40702810200991157228
Получатель=ООО «Кафе Уют»
ПолучательИНН=7701998877
НазначениеПлатежа=Зачисление по операциям эквайринга. НДС не облагается
КонецДокумента
СекцияДокумент=Платежное поручение
Номер=38
Дата=21.07.2025
Сумма=71765.00
ПлательщикСчет=40702810200991157228
Плательщик=ООО «Кафе Уют»
ПлательщикИНН=7701998877
ПолучательСчет=40702810627683571923
Получатель=ООО «Мясной Двор»
ПолучательИНН=5044119988
НазначениеПлатежа=Оплата за продукты питания, накладная от 21.07.2025. В т.ч. НДС
КонецДокумента
СекцияДокумент=Платежное поручение
Номер=39
Дата=22.07.2025
Сумма=39119.00
ПлательщикСчет=40702810084713330076
Плательщик=АО «ТБАНК» (эквайринг)
ПлательщикИНН=7710140679
ПолучательСчет=40702810200991157228
Получатель=ООО «Кафе Уют»
ПолучательИНН=7701998877
НазначениеПлатежа=Зачисление по операциям эквайринга. НДС не облагается
КонецДокумента
СекцияДокумент=Платежное поручение
Номер=40
Дата=23.07.2025
Сумма=35983.00
ПлательщикСчет=40702810084713330076
Плательщик=АО «ТБАНК» (эквайринг)
ПлательщикИНН=7710140679
ПолучательСчет=40702810200991157228
Получатель=ООО «Кафе Уют»
ПолучательИНН=7701998877
НазначениеПлатежа=Зачисление по операциям эквайринга. НДС не облагается
КонецДокумента
СекцияДокумент=Платежное поручение
Номер=41
Дата=23.07.2025
Сумма=73375.00
ПлательщикСчет=40702810200991157228
Плательщик=ООО «Кафе Уют»
ПлательщикИНН=7701998877
ПолучательСчет=40702810627683571923
Получатель=ООО «Мясной Двор»
ПолучательИНН=5044119988
НазначениеПлатежа=Оплата за продукты питания, накладная от 23.07.2025. В т.ч. НДС
КонецДокумента
СекцияДокумент=Платежное поручение
Номер=42
Дата=24.07.2025
Сумма=40066.00
ПлательщикСчет=40702810084713330076
Плательщик=АО «ТБАНК» (эквайринг)
ПлательщикИНН=7710140679
ПолучательСчет=40702810200991157228
Получатель=ООО «Кафе Уют»
ПолучательИНН=7701998877
НазначениеПлатежа=Зачисление по операциям эквайринга. НДС не облагается
КонецДокумента
СекцияДокумент=Платежное поручение
Номер=43
Дата=25.07.2025
Сумма=51742.00
ПлательщикСчет=40702810084713330076
Плательщик=АО «ТБАНК» (эквайринг)
ПлательщикИНН=7710140679
ПолучательСчет=40702810200991157228
Получатель=ООО «Кафе Уют»
ПолучательИНН=7701998877
НазначениеПлатежа=Зачисление по операциям эквайринга. НДС не облагается
КонецДокумента
СекцияДокумент=Платежное поручение
Номер=44
Дата=25.07.2025
Сумма=63344.00
ПлательщикСчет=40702810200991157228
Плательщик=ООО «Кафе Уют»
ПлательщикИНН=7701998877
ПолучательСчет=40702810301404728621
Получатель=ООО «Метро Кэш энд Керри»
ПолучательИНН=7704218694
НазначениеПлатежа=Оплата за продукты питания, накладная от 25.07.2025. В т.ч. НДС
КонецДокумента
СекцияДокумент=Платежное поручение
Номер=45
Дата=25.07.2025
Сумма=34890.00
ПлательщикСчет=40702810200991157228
Плательщик=ООО «Кафе Уют»
ПлательщикИНН=7701998877
ПолучательСчет=40702810994064229092
Получатель=ООО «Кафе Уют» // Николаев Р. А.
ПолучательИНН=
НазначениеПлатежа=зарплата за 07.2025
КонецДокумента
СекцияДокумент=Платежное поручение
Номер=46
Дата=25.07.2025
Сумма=21891.00
ПлательщикСчет=40702810200991157228
Плательщик=ООО «Кафе Уют»
ПлательщикИНН=7701998877
ПолучательСчет=40702810789471705412
Получатель=ООО «Кафе Уют» // Егорова Т. С.
ПолучательИНН=
НазначениеПлатежа=зарплата за 07.2025
КонецДокумента
СекцияДокумент=Платежное поручение
Номер=47
Дата=25.07.2025
Сумма=25005.00
ПлательщикСчет=40702810200991157228
Плательщик=ООО «Кафе Уют»
ПлательщикИНН=7701998877
ПолучательСчет=40702810709572127687
Получатель=ООО «Кафе Уют» // Павлов Д. И.
ПолучательИНН=
НазначениеПлатежа=зарплата за 07.2025
КонецДокумента
СекцияДокумент=Платежное поручение
Номер=48
Дата=25.07.2025
Сумма=20586.00
ПлательщикСчет=40702810200991157228
Плательщик=ООО «Кафе Уют»
ПлательщикИНН=7701998877
ПолучательСчет=40702810914539247425
Получатель=ООО «Кафе Уют» // Сидорова М. В.
ПолучательИНН=
НазначениеПлатежа=зарплата за 07.2025
КонецДокумента
СекцияДокумент=Платежное поручение
Номер=49
Дата=25.07.2025
Сумма=34051.00
ПлательщикСчет=40702810200991157228
Плательщик=ООО «Кафе Уют»
ПлательщикИНН=7701998877
ПолучательСчет=40702810741119519236
Получатель=ООО «Кафе Уют» // Козлов А. А.
ПолучательИНН=
НазначениеПлатежа=зарплата за 07.2025
КонецДокумента
СекцияДокумент=Платежное поручение
Номер=50
Дата=25.07.2025
Сумма=22883.00
ПлательщикСчет=40702810200991157228
Плательщик=ООО «Кафе Уют»
ПлательщикИНН=7701998877
ПолучательСчет=40702810237832156285
Получатель=ООО «Кафе Уют» // Белова Ю. Н.
ПолучательИНН=
НазначениеПлатежа=зарплата за 07.2025
КонецДокумента
СекцияДокумент=Платежное поручение
Номер=51
Дата=26.07.2025
Сумма=53728.00
ПлательщикСчет=40702810084713330076
Плательщик=АО «ТБАНК» (эквайринг)
ПлательщикИНН=7710140679
ПолучательСчет=40702810200991157228
Получатель=ООО «Кафе Уют»
ПолучательИНН=7701998877
НазначениеПлатежа=Зачисление по операциям эквайринга. НДС не облагается
КонецДокумента
СекцияДокумент=Платежное поручение
Номер=52
Дата=27.07.2025
Сумма=76843.00
ПлательщикСчет=40702810084713330076
Плательщик=АО «ТБАНК» (эквайринг)
ПлательщикИНН=7710140679
ПолучательСчет=40702810200991157228
Получатель=ООО «Кафе Уют»
ПолучательИНН=7701998877
НазначениеПлатежа=Зачисление по операциям эквайринга. НДС не облагается
КонецДокумента
СекцияДокумент=Платежное поручение
Номер=53
Дата=28.07.2025
Сумма=26606.00
ПлательщикСчет=40702810084713330076
Плательщик=АО «ТБАНК» (эквайринг)
ПлательщикИНН=7710140679
ПолучательСчет=40702810200991157228
Получатель=ООО «Кафе Уют»
ПолучательИНН=7701998877
НазначениеПлатежа=Зачисление по операциям эквайринга. НДС не облагается
КонецДокумента
СекцияДокумент=Платежное поручение
Номер=54
Дата=28.07.2025
Сумма=81871.00
ПлательщикСчет=40702810200991157228
Плательщик=ООО «Кафе Уют»
ПлательщикИНН=7701998877
ПолучательСчет=40702810279048852647
Получатель=ООО «ПродОпт Свежесть»
ПолучательИНН=5029223311
НазначениеПлатежа=Оплата за продукты питания, накладная от 28.07.2025. В т.ч. НДС
КонецДокумента
СекцияДокумент=Платежное поручение
Номер=55
Дата=28.07.2025
Сумма=30000.00
ПлательщикСчет=40702810200991157228
Плательщик=ООО «Кафе Уют»
ПлательщикИНН=7701998877
ПолучательСчет=40101810045250010041
Получатель=УФК по г. Москве (ИФНС России)
ПолучательИНН=7727406020
НазначениеПлатежа=НДФЛ за 07.2025
КонецДокумента
СекцияДокумент=Платежное поручение
Номер=56
Дата=28.07.2025
Сумма=95000.00
ПлательщикСчет=40702810200991157228
Плательщик=ООО «Кафе Уют»
ПлательщикИНН=7701998877
ПолучательСчет=40702810016436163161
Получатель=СФР по г. Москве и МО
ПолучательИНН=7703363868
НазначениеПлатежа=Страховые взносы за 07.2025
КонецДокумента
СекцияДокумент=Платежное поручение
Номер=57
Дата=29.07.2025
Сумма=45916.00
ПлательщикСчет=40702810084713330076
Плательщик=АО «ТБАНК» (эквайринг)
ПлательщикИНН=7710140679
ПолучательСчет=40702810200991157228
Получатель=ООО «Кафе Уют»
ПолучательИНН=7701998877
НазначениеПлатежа=Зачисление по операциям эквайринга. НДС не облагается
КонецДокумента
СекцияДокумент=Платежное поручение
Номер=58
Дата=30.07.2025
Сумма=50440.00
ПлательщикСчет=40702810084713330076
Плательщик=АО «ТБАНК» (эквайринг)
ПлательщикИНН=7710140679
ПолучательСчет=40702810200991157228
Получатель=ООО «Кафе Уют»
ПолучательИНН=7701998877
НазначениеПлатежа=Зачисление по операциям эквайринга. НДС не облагается
КонецДокумента
СекцияДокумент=Платежное поручение
Номер=59
Дата=30.07.2025
Сумма=36348.00
ПлательщикСчет=40702810200991157228
Плательщик=ООО «Кафе Уют»
ПлательщикИНН=7701998877
ПолучательСчет=40702810301404728621
Получатель=ООО «Метро Кэш энд Керри»
ПолучательИНН=7704218694
НазначениеПлатежа=Оплата за продукты питания, накладная от 30.07.2025. В т.ч. НДС
КонецДокумента
СекцияДокумент=Платежное поручение
Номер=60
Дата=31.07.2025
Сумма=39845.00
ПлательщикСчет=40702810084713330076
Плательщик=АО «ТБАНК» (эквайринг)
ПлательщикИНН=7710140679
ПолучательСчет=40702810200991157228
Получатель=ООО «Кафе Уют»
ПолучательИНН=7701998877
НазначениеПлатежа=Зачисление по операциям эквайринга. НДС не облагается
КонецДокумента
СекцияДокумент=Платежное поручение
Номер=61
Дата=01.08.2025
Сумма=44959.00
ПлательщикСчет=40702810084713330076
Плательщик=АО «ТБАНК» (эквайринг)
ПлательщикИНН=7710140679
ПолучательСчет=40702810200991157228
Получатель=ООО «Кафе Уют»
ПолучательИНН=7701998877
НазначениеПлатежа=Зачисление по операциям эквайринга. НДС не облагается
КонецДокумента
СекцияДокумент=Платежное поручение
Номер=62
Дата=01.08.2025
Сумма=41059.00
ПлательщикСчет=40702810200991157228
Плательщик=ООО «Кафе Уют»
ПлательщикИНН=7701998877
ПолучательСчет=40702810279048852647
Получатель=ООО «ПродОпт Свежесть»
ПолучательИНН=5029223311
НазначениеПлатежа=Оплата за продукты питания, накладная от 01.08.2025. В т.ч. НДС
КонецДокумента
СекцияДокумент=Платежное поручение
Номер=63
Дата=02.08.2025
Сумма=50928.00
ПлательщикСчет=40702810084713330076
Плательщик=АО «ТБАНК» (эквайринг)
ПлательщикИНН=7710140679
ПолучательСчет=40702810200991157228
Получатель=ООО «Кафе Уют»
ПолучательИНН=7701998877
НазначениеПлатежа=Зачисление по операциям эквайринга. НДС не облагается
КонецДокумента
СекцияДокумент=Платежное поручение
Номер=64
Дата=02.08.2025
Сумма=180000.00
ПлательщикСчет=40702810200991157228
Плательщик=ООО «Кафе Уют»
ПлательщикИНН=7701998877
ПолучательСчет=40702810425964116694
Получатель=ИП Тарасов В. Г.
ПолучательИНН=770912345678
НазначениеПлатежа=Аренда помещения общепита за 08.2025. НДС не облагается
КонецДокумента
СекцияДокумент=Платежное поручение
Номер=65
Дата=03.08.2025
Сумма=82381.00
ПлательщикСчет=40702810084713330076
Плательщик=АО «ТБАНК» (эквайринг)
ПлательщикИНН=7710140679
ПолучательСчет=40702810200991157228
Получатель=ООО «Кафе Уют»
ПолучательИНН=7701998877
НазначениеПлатежа=Зачисление по операциям эквайринга. НДС не облагается
КонецДокумента
СекцияДокумент=Платежное поручение
Номер=66
Дата=04.08.2025
Сумма=29998.00
ПлательщикСчет=40702810084713330076
Плательщик=АО «ТБАНК» (эквайринг)
ПлательщикИНН=7710140679
ПолучательСчет=40702810200991157228
Получатель=ООО «Кафе Уют»
ПолучательИНН=7701998877
НазначениеПлатежа=Зачисление по операциям эквайринга. НДС не облагается
КонецДокумента
СекцияДокумент=Платежное поручение
Номер=67
Дата=04.08.2025
Сумма=84350.00
ПлательщикСчет=40702810200991157228
Плательщик=ООО «Кафе Уют»
ПлательщикИНН=7701998877
ПолучательСчет=40702810627683571923
Получатель=ООО «Мясной Двор»
ПолучательИНН=5044119988
НазначениеПлатежа=Оплата за продукты питания, накладная от 04.08.2025. В т.ч. НДС
КонецДокумента
СекцияДокумент=Платежное поручение
Номер=68
Дата=05.08.2025
Сумма=22114.00
ПлательщикСчет=40702810084713330076
Плательщик=АО «ТБАНК» (эквайринг)
ПлательщикИНН=7710140679
ПолучательСчет=40702810200991157228
Получатель=ООО «Кафе Уют»
ПолучательИНН=7701998877
НазначениеПлатежа=Зачисление по операциям эквайринга. НДС не облагается
КонецДокумента
СекцияДокумент=Платежное поручение
Номер=69
Дата=06.08.2025
Сумма=48160.00
ПлательщикСчет=40702810084713330076
Плательщик=АО «ТБАНК» (эквайринг)
ПлательщикИНН=7710140679
ПолучательСчет=40702810200991157228
Получатель=ООО «Кафе Уют»
ПолучательИНН=7701998877
НазначениеПлатежа=Зачисление по операциям эквайринга. НДС не облагается
КонецДокумента
СекцияДокумент=Платежное поручение
Номер=70
Дата=06.08.2025
Сумма=76109.00
ПлательщикСчет=40702810200991157228
Плательщик=ООО «Кафе Уют»
ПлательщикИНН=7701998877
ПолучательСчет=40702810627683571923
Получатель=ООО «Мясной Двор»
ПолучательИНН=5044119988
НазначениеПлатежа=Оплата за продукты питания, накладная от 06.08.2025. В т.ч. НДС
КонецДокумента
СекцияДокумент=Платежное поручение
Номер=71
Дата=07.08.2025
Сумма=42263.00
ПлательщикСчет=40702810084713330076
Плательщик=АО «ТБАНК» (эквайринг)
ПлательщикИНН=7710140679
ПолучательСчет=40702810200991157228
Получатель=ООО «Кафе Уют»
ПолучательИНН=7701998877
НазначениеПлатежа=Зачисление по операциям эквайринга. НДС не облагается
КонецДокумента
СекцияДокумент=Платежное поручение
Номер=72
Дата=08.08.2025
Сумма=66481.00
ПлательщикСчет=40702810084713330076
Плательщик=АО «ТБАНК» (эквайринг)
ПлательщикИНН=7710140679
ПолучательСчет=40702810200991157228
Получатель=ООО «Кафе Уют»
ПолучательИНН=7701998877
НазначениеПлатежа=Зачисление по операциям эквайринга. НДС не облагается
КонецДокумента
СекцияДокумент=Платежное поручение
Номер=73
Дата=08.08.2025
Сумма=69599.00
ПлательщикСчет=40702810200991157228
Плательщик=ООО «Кафе Уют»
ПлательщикИНН=7701998877
ПолучательСчет=40702810627683571923
Получатель=ООО «Мясной Двор»
ПолучательИНН=5044119988
НазначениеПлатежа=Оплата за продукты питания, накладная от 08.08.2025. В т.ч. НДС
КонецДокумента
СекцияДокумент=Платежное поручение
Номер=74
Дата=09.08.2025
Сумма=40420.00
ПлательщикСчет=40702810084713330076
Плательщик=АО «ТБАНК» (эквайринг)
ПлательщикИНН=7710140679
ПолучательСчет=40702810200991157228
Получатель=ООО «Кафе Уют»
ПолучательИНН=7701998877
НазначениеПлатежа=Зачисление по операциям эквайринга. НДС не облагается
КонецДокумента
СекцияДокумент=Платежное поручение
Номер=75
Дата=10.08.2025
Сумма=82339.00
ПлательщикСчет=40702810084713330076
Плательщик=АО «ТБАНК» (эквайринг)
ПлательщикИНН=7710140679
ПолучательСчет=40702810200991157228
Получатель=ООО «Кафе Уют»
ПолучательИНН=7701998877
НазначениеПлатежа=Зачисление по операциям эквайринга. НДС не облагается
КонецДокумента
СекцияДокумент=Платежное поручение
Номер=76
Дата=10.08.2025
Сумма=34823.00
ПлательщикСчет=40702810200991157228
Плательщик=ООО «Кафе Уют»
ПлательщикИНН=7701998877
ПолучательСчет=40702810994064229092
Получатель=ООО «Кафе Уют» // Николаев Р. А.
ПолучательИНН=
НазначениеПлатежа=аванс за 08.2025
КонецДокумента
СекцияДокумент=Платежное поручение
Номер=77
Дата=10.08.2025
Сумма=22421.00
ПлательщикСчет=40702810200991157228
Плательщик=ООО «Кафе Уют»
ПлательщикИНН=7701998877
ПолучательСчет=40702810789471705412
Получатель=ООО «Кафе Уют» // Егорова Т. С.
ПолучательИНН=
НазначениеПлатежа=аванс за 08.2025
КонецДокумента
СекцияДокумент=Платежное поручение
Номер=78
Дата=10.08.2025
Сумма=22662.00
ПлательщикСчет=40702810200991157228
Плательщик=ООО «Кафе Уют»
ПлательщикИНН=7701998877
ПолучательСчет=40702810709572127687
Получатель=ООО «Кафе Уют» // Павлов Д. И.
ПолучательИНН=
НазначениеПлатежа=аванс за 08.2025
КонецДокумента
СекцияДокумент=Платежное поручение
Номер=79
Дата=10.08.2025
Сумма=27142.00
ПлательщикСчет=40702810200991157228
Плательщик=ООО «Кафе Уют»
ПлательщикИНН=7701998877
ПолучательСчет=40702810914539247425
Получатель=ООО «Кафе Уют» // Сидорова М. В.
ПолучательИНН=
НазначениеПлатежа=аванс за 08.2025
КонецДокумента
СекцияДокумент=Платежное поручение
Номер=80
Дата=10.08.2025
Сумма=21899.00
ПлательщикСчет=40702810200991157228
Плательщик=ООО «Кафе Уют»
ПлательщикИНН=7701998877
ПолучательСчет=40702810741119519236
Получатель=ООО «Кафе Уют» // Козлов А. А.
ПолучательИНН=
НазначениеПлатежа=аванс за 08.2025
КонецДокумента
СекцияДокумент=Платежное поручение
Номер=81
Дата=10.08.2025
Сумма=32338.00
ПлательщикСчет=40702810200991157228
Плательщик=ООО «Кафе Уют»
ПлательщикИНН=7701998877
ПолучательСчет=40702810237832156285
Получатель=ООО «Кафе Уют» // Белова Ю. Н.
ПолучательИНН=
НазначениеПлатежа=аванс за 08.2025
КонецДокумента
СекцияДокумент=Платежное поручение
Номер=82
Дата=11.08.2025
Сумма=38982.00
ПлательщикСчет=40702810084713330076
Плательщик=АО «ТБАНК» (эквайринг)
ПлательщикИНН=7710140679
ПолучательСчет=40702810200991157228
Получатель=ООО «Кафе Уют»
ПолучательИНН=7701998877
НазначениеПлатежа=Зачисление по операциям эквайринга. НДС не облагается
КонецДокумента
СекцияДокумент=Платежное поручение
Номер=83
Дата=11.08.2025
Сумма=59946.00
ПлательщикСчет=40702810200991157228
Плательщик=ООО «Кафе Уют»
ПлательщикИНН=7701998877
ПолучательСчет=40702810279048852647
Получатель=ООО «ПродОпт Свежесть»
ПолучательИНН=5029223311
НазначениеПлатежа=Оплата за продукты питания, накладная от 11.08.2025. В т.ч. НДС
КонецДокумента
СекцияДокумент=Платежное поручение
Номер=84
Дата=12.08.2025
Сумма=30349.00
ПлательщикСчет=40702810084713330076
Плательщик=АО «ТБАНК» (эквайринг)
ПлательщикИНН=7710140679
ПолучательСчет=40702810200991157228
Получатель=ООО «Кафе Уют»
ПолучательИНН=7701998877
НазначениеПлатежа=Зачисление по операциям эквайринга. НДС не облагается
КонецДокумента
СекцияДокумент=Платежное поручение
Номер=85
Дата=13.08.2025
Сумма=30847.00
ПлательщикСчет=40702810084713330076
Плательщик=АО «ТБАНК» (эквайринг)
ПлательщикИНН=7710140679
ПолучательСчет=40702810200991157228
Получатель=ООО «Кафе Уют»
ПолучательИНН=7701998877
НазначениеПлатежа=Зачисление по операциям эквайринга. НДС не облагается
КонецДокумента
СекцияДокумент=Платежное поручение
Номер=86
Дата=13.08.2025
Сумма=44651.00
ПлательщикСчет=40702810200991157228
Плательщик=ООО «Кафе Уют»
ПлательщикИНН=7701998877
ПолучательСчет=40702810627683571923
Получатель=ООО «Мясной Двор»
ПолучательИНН=5044119988
НазначениеПлатежа=Оплата за продукты питания, накладная от 13.08.2025. В т.ч. НДС
КонецДокумента
СекцияДокумент=Платежное поручение
Номер=87
Дата=14.08.2025
Сумма=27801.00
ПлательщикСчет=40702810084713330076
Плательщик=АО «ТБАНК» (эквайринг)
ПлательщикИНН=7710140679
ПолучательСчет=40702810200991157228
Получатель=ООО «Кафе Уют»
ПолучательИНН=7701998877
НазначениеПлатежа=Зачисление по операциям эквайринга. НДС не облагается
КонецДокумента
СекцияДокумент=Платежное поручение
Номер=88
Дата=15.08.2025
Сумма=55462.00
ПлательщикСчет=40702810084713330076
Плательщик=АО «ТБАНК» (эквайринг)
ПлательщикИНН=7710140679
ПолучательСчет=40702810200991157228
Получатель=ООО «Кафе Уют»
ПолучательИНН=7701998877
НазначениеПлатежа=Зачисление по операциям эквайринга. НДС не облагается
КонецДокумента
СекцияДокумент=Платежное поручение
Номер=89
Дата=15.08.2025
Сумма=47442.00
ПлательщикСчет=40702810200991157228
Плательщик=ООО «Кафе Уют»
ПлательщикИНН=7701998877
ПолучательСчет=40702810627683571923
Получатель=ООО «Мясной Двор»
ПолучательИНН=5044119988
НазначениеПлатежа=Оплата за продукты питания, накладная от 15.08.2025. В т.ч. НДС
КонецДокумента
СекцияДокумент=Платежное поручение
Номер=90
Дата=15.08.2025
Сумма=36633.00
ПлательщикСчет=40702810200991157228
Плательщик=ООО «Кафе Уют»
ПлательщикИНН=7701998877
ПолучательСчет=40702810164006400573
Получатель=АО «Мосэнергосбыт»
ПолучательИНН=7736520080
НазначениеПлатежа=Оплата электроэнергии за 08.2025. В т.ч. НДС 20%
КонецДокумента
СекцияДокумент=Платежное поручение
Номер=91
Дата=16.08.2025
Сумма=58765.00
ПлательщикСчет=40702810084713330076
Плательщик=АО «ТБАНК» (эквайринг)
ПлательщикИНН=7710140679
ПолучательСчет=40702810200991157228
Получатель=ООО «Кафе Уют»
ПолучательИНН=7701998877
НазначениеПлатежа=Зачисление по операциям эквайринга. НДС не облагается
КонецДокумента
СекцияДокумент=Платежное поручение
Номер=92
Дата=17.08.2025
Сумма=63282.00
ПлательщикСчет=40702810084713330076
Плательщик=АО «ТБАНК» (эквайринг)
ПлательщикИНН=7710140679
ПолучательСчет=40702810200991157228
Получатель=ООО «Кафе Уют»
ПолучательИНН=7701998877
НазначениеПлатежа=Зачисление по операциям эквайринга. НДС не облагается
КонецДокумента
СекцияДокумент=Платежное поручение
Номер=93
Дата=18.08.2025
Сумма=34338.00
ПлательщикСчет=40702810084713330076
Плательщик=АО «ТБАНК» (эквайринг)
ПлательщикИНН=7710140679
ПолучательСчет=40702810200991157228
Получатель=ООО «Кафе Уют»
ПолучательИНН=7701998877
НазначениеПлатежа=Зачисление по операциям эквайринга. НДС не облагается
КонецДокумента
СекцияДокумент=Платежное поручение
Номер=94
Дата=18.08.2025
Сумма=59202.00
ПлательщикСчет=40702810200991157228
Плательщик=ООО «Кафе Уют»
ПлательщикИНН=7701998877
ПолучательСчет=40702810279048852647
Получатель=ООО «ПродОпт Свежесть»
ПолучательИНН=5029223311
НазначениеПлатежа=Оплата за продукты питания, накладная от 18.08.2025. В т.ч. НДС
КонецДокумента
СекцияДокумент=Платежное поручение
Номер=95
Дата=19.08.2025
Сумма=27182.00
ПлательщикСчет=40702810084713330076
Плательщик=АО «ТБАНК» (эквайринг)
ПлательщикИНН=7710140679
ПолучательСчет=40702810200991157228
Получатель=ООО «Кафе Уют»
ПолучательИНН=7701998877
НазначениеПлатежа=Зачисление по операциям эквайринга. НДС не облагается
КонецДокумента
СекцияДокумент=Платежное поручение
Номер=96
Дата=20.08.2025
Сумма=39295.00
ПлательщикСчет=40702810084713330076
Плательщик=АО «ТБАНК» (эквайринг)
ПлательщикИНН=7710140679
ПолучательСчет=40702810200991157228
Получатель=ООО «Кафе Уют»
ПолучательИНН=7701998877
НазначениеПлатежа=Зачисление по операциям эквайринга. НДС не облагается
КонецДокумента
СекцияДокумент=Платежное поручение
Номер=97
Дата=20.08.2025
Сумма=84416.00
ПлательщикСчет=40702810200991157228
Плательщик=ООО «Кафе Уют»
ПлательщикИНН=7701998877
ПолучательСчет=40702810627683571923
Получатель=ООО «Мясной Двор»
ПолучательИНН=5044119988
НазначениеПлатежа=Оплата за продукты питания, накладная от 20.08.2025. В т.ч. НДС
КонецДокумента
СекцияДокумент=Платежное поручение
Номер=98
Дата=20.08.2025
Сумма=340000.00
ПлательщикСчет=40702810200991157228
Плательщик=ООО «Кафе Уют»
ПлательщикИНН=7701998877
ПолучательСчет=40702810301404728621
Получатель=ООО «Метро Кэш энд Керри»
ПолучательИНН=7704218694
НазначениеПлатежа=Крупная предоплата по договору поставки №999/2025 (срочный заказ). В т.ч. НДС 20%
КонецДокумента
СекцияДокумент=Платежное поручение
Номер=99
Дата=20.08.2025
Сумма=118999.00
ПлательщикСчет=40702810200991157228
Плательщик=ООО «Кафе Уют»
ПлательщикИНН=7701998877
ПолучательСчет=40101810045250010041
Получатель=УФК по г. Москве (ИФНС России)
ПолучательИНН=7727406020
НазначениеПлатежа=Уплата НДС/налога по требованию. Срок — сегодня
КонецДокумента
СекцияДокумент=Платежное поручение
Номер=100
Дата=21.08.2025
Сумма=35060.00
ПлательщикСчет=40702810084713330076
Плательщик=АО «ТБАНК» (эквайринг)
ПлательщикИНН=7710140679
ПолучательСчет=40702810200991157228
Получатель=ООО «Кафе Уют»
ПолучательИНН=7701998877
НазначениеПлатежа=Зачисление по операциям эквайринга. НДС не облагается
КонецДокумента
СекцияДокумент=Платежное поручение
Номер=101
Дата=22.08.2025
Сумма=44350.00
ПлательщикСчет=40702810084713330076
Плательщик=АО «ТБАНК» (эквайринг)
ПлательщикИНН=7710140679
ПолучательСчет=40702810200991157228
Получатель=ООО «Кафе Уют»
ПолучательИНН=7701998877
НазначениеПлатежа=Зачисление по операциям эквайринга. НДС не облагается
КонецДокумента
СекцияДокумент=Платежное поручение
Номер=102
Дата=22.08.2025
Сумма=40152.00
ПлательщикСчет=40702810200991157228
Плательщик=ООО «Кафе Уют»
ПлательщикИНН=7701998877
ПолучательСчет=40702810627683571923
Получатель=ООО «Мясной Двор»
ПолучательИНН=5044119988
НазначениеПлатежа=Оплата за продукты питания, накладная от 22.08.2025. В т.ч. НДС
КонецДокумента
СекцияДокумент=Платежное поручение
Номер=103
Дата=23.08.2025
Сумма=69607.00
ПлательщикСчет=40702810084713330076
Плательщик=АО «ТБАНК» (эквайринг)
ПлательщикИНН=7710140679
ПолучательСчет=40702810200991157228
Получатель=ООО «Кафе Уют»
ПолучательИНН=7701998877
НазначениеПлатежа=Зачисление по операциям эквайринга. НДС не облагается
КонецДокумента
СекцияДокумент=Платежное поручение
Номер=104
Дата=23.08.2025
Сумма=374000.00
ПлательщикСчет=40702810838402633060
Плательщик=ООО «Крупный Клиент»
ПлательщикИНН=7701555666
ПолучательСчет=40702810200991157228
Получатель=ООО «Кафе Уют»
ПолучательИНН=7701998877
НазначениеПлатежа=Оплата по договору (задержана, поступила позже срока). НДС не облагается
КонецДокумента
СекцияДокумент=Платежное поручение
Номер=105
Дата=24.08.2025
Сумма=61407.00
ПлательщикСчет=40702810084713330076
Плательщик=АО «ТБАНК» (эквайринг)
ПлательщикИНН=7710140679
ПолучательСчет=40702810200991157228
Получатель=ООО «Кафе Уют»
ПолучательИНН=7701998877
НазначениеПлатежа=Зачисление по операциям эквайринга. НДС не облагается
КонецДокумента
СекцияДокумент=Платежное поручение
Номер=106
Дата=25.08.2025
Сумма=54142.00
ПлательщикСчет=40702810084713330076
Плательщик=АО «ТБАНК» (эквайринг)
ПлательщикИНН=7710140679
ПолучательСчет=40702810200991157228
Получатель=ООО «Кафе Уют»
ПолучательИНН=7701998877
НазначениеПлатежа=Зачисление по операциям эквайринга. НДС не облагается
КонецДокумента
СекцияДокумент=Платежное поручение
Номер=107
Дата=25.08.2025
Сумма=81611.00
ПлательщикСчет=40702810200991157228
Плательщик=ООО «Кафе Уют»
ПлательщикИНН=7701998877
ПолучательСчет=40702810279048852647
Получатель=ООО «ПродОпт Свежесть»
ПолучательИНН=5029223311
НазначениеПлатежа=Оплата за продукты питания, накладная от 25.08.2025. В т.ч. НДС
КонецДокумента
СекцияДокумент=Платежное поручение
Номер=108
Дата=25.08.2025
Сумма=23311.00
ПлательщикСчет=40702810200991157228
Плательщик=ООО «Кафе Уют»
ПлательщикИНН=7701998877
ПолучательСчет=40702810994064229092
Получатель=ООО «Кафе Уют» // Николаев Р. А.
ПолучательИНН=
НазначениеПлатежа=зарплата за 08.2025
КонецДокумента
СекцияДокумент=Платежное поручение
Номер=109
Дата=25.08.2025
Сумма=32353.00
ПлательщикСчет=40702810200991157228
Плательщик=ООО «Кафе Уют»
ПлательщикИНН=7701998877
ПолучательСчет=40702810789471705412
Получатель=ООО «Кафе Уют» // Егорова Т. С.
ПолучательИНН=
НазначениеПлатежа=зарплата за 08.2025
КонецДокумента
СекцияДокумент=Платежное поручение
Номер=110
Дата=25.08.2025
Сумма=22544.00
ПлательщикСчет=40702810200991157228
Плательщик=ООО «Кафе Уют»
ПлательщикИНН=7701998877
ПолучательСчет=40702810709572127687
Получатель=ООО «Кафе Уют» // Павлов Д. И.
ПолучательИНН=
НазначениеПлатежа=зарплата за 08.2025
КонецДокумента
СекцияДокумент=Платежное поручение
Номер=111
Дата=25.08.2025
Сумма=34810.00
ПлательщикСчет=40702810200991157228
Плательщик=ООО «Кафе Уют»
ПлательщикИНН=7701998877
ПолучательСчет=40702810914539247425
Получатель=ООО «Кафе Уют» // Сидорова М. В.
ПолучательИНН=
НазначениеПлатежа=зарплата за 08.2025
КонецДокумента
СекцияДокумент=Платежное поручение
Номер=112
Дата=25.08.2025
Сумма=23324.00
ПлательщикСчет=40702810200991157228
Плательщик=ООО «Кафе Уют»
ПлательщикИНН=7701998877
ПолучательСчет=40702810741119519236
Получатель=ООО «Кафе Уют» // Козлов А. А.
ПолучательИНН=
НазначениеПлатежа=зарплата за 08.2025
КонецДокумента
СекцияДокумент=Платежное поручение
Номер=113
Дата=25.08.2025
Сумма=34116.00
ПлательщикСчет=40702810200991157228
Плательщик=ООО «Кафе Уют»
ПлательщикИНН=7701998877
ПолучательСчет=40702810237832156285
Получатель=ООО «Кафе Уют» // Белова Ю. Н.
ПолучательИНН=
НазначениеПлатежа=зарплата за 08.2025
КонецДокумента
СекцияДокумент=Платежное поручение
Номер=114
Дата=26.08.2025
Сумма=53592.00
ПлательщикСчет=40702810084713330076
Плательщик=АО «ТБАНК» (эквайринг)
ПлательщикИНН=7710140679
ПолучательСчет=40702810200991157228
Получатель=ООО «Кафе Уют»
ПолучательИНН=7701998877
НазначениеПлатежа=Зачисление по операциям эквайринга. НДС не облагается
КонецДокумента
СекцияДокумент=Платежное поручение
Номер=115
Дата=27.08.2025
Сумма=40974.00
ПлательщикСчет=40702810084713330076
Плательщик=АО «ТБАНК» (эквайринг)
ПлательщикИНН=7710140679
ПолучательСчет=40702810200991157228
Получатель=ООО «Кафе Уют»
ПолучательИНН=7701998877
НазначениеПлатежа=Зачисление по операциям эквайринга. НДС не облагается
КонецДокумента
СекцияДокумент=Платежное поручение
Номер=116
Дата=27.08.2025
Сумма=36345.00
ПлательщикСчет=40702810200991157228
Плательщик=ООО «Кафе Уют»
ПлательщикИНН=7701998877
ПолучательСчет=40702810627683571923
Получатель=ООО «Мясной Двор»
ПолучательИНН=5044119988
НазначениеПлатежа=Оплата за продукты питания, накладная от 27.08.2025. В т.ч. НДС
КонецДокумента
СекцияДокумент=Платежное поручение
Номер=117
Дата=28.08.2025
Сумма=35414.00
ПлательщикСчет=40702810084713330076
Плательщик=АО «ТБАНК» (эквайринг)
ПлательщикИНН=7710140679
ПолучательСчет=40702810200991157228
Получатель=ООО «Кафе Уют»
ПолучательИНН=7701998877
НазначениеПлатежа=Зачисление по операциям эквайринга. НДС не облагается
КонецДокумента
СекцияДокумент=Платежное поручение
Номер=118
Дата=28.08.2025
Сумма=30000.00
ПлательщикСчет=40702810200991157228
Плательщик=ООО «Кафе Уют»
ПлательщикИНН=7701998877
ПолучательСчет=40101810045250010041
Получатель=УФК по г. Москве (ИФНС России)
ПолучательИНН=7727406020
НазначениеПлатежа=НДФЛ за 08.2025
КонецДокумента
СекцияДокумент=Платежное поручение
Номер=119
Дата=28.08.2025
Сумма=95000.00
ПлательщикСчет=40702810200991157228
Плательщик=ООО «Кафе Уют»
ПлательщикИНН=7701998877
ПолучательСчет=40702810016436163161
Получатель=СФР по г. Москве и МО
ПолучательИНН=7703363868
НазначениеПлатежа=Страховые взносы за 08.2025
КонецДокумента
СекцияДокумент=Платежное поручение
Номер=120
Дата=29.08.2025
Сумма=49141.00
ПлательщикСчет=40702810084713330076
Плательщик=АО «ТБАНК» (эквайринг)
ПлательщикИНН=7710140679
ПолучательСчет=40702810200991157228
Получатель=ООО «Кафе Уют»
ПолучательИНН=7701998877
НазначениеПлатежа=Зачисление по операциям эквайринга. НДС не облагается
КонецДокумента
СекцияДокумент=Платежное поручение
Номер=121
Дата=29.08.2025
Сумма=79626.00
ПлательщикСчет=40702810200991157228
Плательщик=ООО «Кафе Уют»
ПлательщикИНН=7701998877
ПолучательСчет=40702810301404728621
Получатель=ООО «Метро Кэш энд Керри»
ПолучательИНН=7704218694
НазначениеПлатежа=Оплата за продукты питания, накладная от 29.08.2025. В т.ч. НДС
КонецДокумента
СекцияДокумент=Платежное поручение
Номер=122
Дата=30.08.2025
Сумма=53367.00
ПлательщикСчет=40702810084713330076
Плательщик=АО «ТБАНК» (эквайринг)
ПлательщикИНН=7710140679
ПолучательСчет=40702810200991157228
Получатель=ООО «Кафе Уют»
ПолучательИНН=7701998877
НазначениеПлатежа=Зачисление по операциям эквайринга. НДС не облагается
КонецДокумента
СекцияДокумент=Платежное поручение
Номер=123
Дата=31.08.2025
Сумма=58056.00
ПлательщикСчет=40702810084713330076
Плательщик=АО «ТБАНК» (эквайринг)
ПлательщикИНН=7710140679
ПолучательСчет=40702810200991157228
Получатель=ООО «Кафе Уют»
ПолучательИНН=7701998877
НазначениеПлатежа=Зачисление по операциям эквайринга. НДС не облагается
КонецДокумента
СекцияДокумент=Платежное поручение
Номер=124
Дата=01.09.2025
Сумма=37139.00
ПлательщикСчет=40702810084713330076
Плательщик=АО «ТБАНК» (эквайринг)
ПлательщикИНН=7710140679
ПолучательСчет=40702810200991157228
Получатель=ООО «Кафе Уют»
ПолучательИНН=7701998877
НазначениеПлатежа=Зачисление по операциям эквайринга. НДС не облагается
КонецДокумента
СекцияДокумент=Платежное поручение
Номер=125
Дата=01.09.2025
Сумма=61634.00
ПлательщикСчет=40702810200991157228
Плательщик=ООО «Кафе Уют»
ПлательщикИНН=7701998877
ПолучательСчет=40702810301404728621
Получатель=ООО «Метро Кэш энд Керри»
ПолучательИНН=7704218694
НазначениеПлатежа=Оплата за продукты питания, накладная от 01.09.2025. В т.ч. НДС
КонецДокумента
СекцияДокумент=Платежное поручение
Номер=126
Дата=02.09.2025
Сумма=25669.00
ПлательщикСчет=40702810084713330076
Плательщик=АО «ТБАНК» (эквайринг)
ПлательщикИНН=7710140679
ПолучательСчет=40702810200991157228
Получатель=ООО «Кафе Уют»
ПолучательИНН=7701998877
НазначениеПлатежа=Зачисление по операциям эквайринга. НДС не облагается
КонецДокумента
СекцияДокумент=Платежное поручение
Номер=127
Дата=02.09.2025
Сумма=180000.00
ПлательщикСчет=40702810200991157228
Плательщик=ООО «Кафе Уют»
ПлательщикИНН=7701998877
ПолучательСчет=40702810425964116694
Получатель=ИП Тарасов В. Г.
ПолучательИНН=770912345678
НазначениеПлатежа=Аренда помещения общепита за 09.2025. НДС не облагается
КонецДокумента
СекцияДокумент=Платежное поручение
Номер=128
Дата=03.09.2025
Сумма=51093.00
ПлательщикСчет=40702810084713330076
Плательщик=АО «ТБАНК» (эквайринг)
ПлательщикИНН=7710140679
ПолучательСчет=40702810200991157228
Получатель=ООО «Кафе Уют»
ПолучательИНН=7701998877
НазначениеПлатежа=Зачисление по операциям эквайринга. НДС не облагается
КонецДокумента
СекцияДокумент=Платежное поручение
Номер=129
Дата=03.09.2025
Сумма=80742.00
ПлательщикСчет=40702810200991157228
Плательщик=ООО «Кафе Уют»
ПлательщикИНН=7701998877
ПолучательСчет=40702810301404728621
Получатель=ООО «Метро Кэш энд Керри»
ПолучательИНН=7704218694
НазначениеПлатежа=Оплата за продукты питания, накладная от 03.09.2025. В т.ч. НДС
КонецДокумента
СекцияДокумент=Платежное поручение
Номер=130
Дата=04.09.2025
Сумма=22093.00
ПлательщикСчет=40702810084713330076
Плательщик=АО «ТБАНК» (эквайринг)
ПлательщикИНН=7710140679
ПолучательСчет=40702810200991157228
Получатель=ООО «Кафе Уют»
ПолучательИНН=7701998877
НазначениеПлатежа=Зачисление по операциям эквайринга. НДС не облагается
КонецДокумента
СекцияДокумент=Платежное поручение
Номер=131
Дата=05.09.2025
Сумма=43866.00
ПлательщикСчет=40702810084713330076
Плательщик=АО «ТБАНК» (эквайринг)
ПлательщикИНН=7710140679
ПолучательСчет=40702810200991157228
Получатель=ООО «Кафе Уют»
ПолучательИНН=7701998877
НазначениеПлатежа=Зачисление по операциям эквайринга. НДС не облагается
КонецДокумента
СекцияДокумент=Платежное поручение
Номер=132
Дата=05.09.2025
Сумма=71729.00
ПлательщикСчет=40702810200991157228
Плательщик=ООО «Кафе Уют»
ПлательщикИНН=7701998877
ПолучательСчет=40702810301404728621
Получатель=ООО «Метро Кэш энд Керри»
ПолучательИНН=7704218694
НазначениеПлатежа=Оплата за продукты питания, накладная от 05.09.2025. В т.ч. НДС
КонецДокумента
СекцияДокумент=Платежное поручение
Номер=133
Дата=06.09.2025
Сумма=79477.00
ПлательщикСчет=40702810084713330076
Плательщик=АО «ТБАНК» (эквайринг)
ПлательщикИНН=7710140679
ПолучательСчет=40702810200991157228
Получатель=ООО «Кафе Уют»
ПолучательИНН=7701998877
НазначениеПлатежа=Зачисление по операциям эквайринга. НДС не облагается
КонецДокумента
СекцияДокумент=Платежное поручение
Номер=134
Дата=07.09.2025
Сумма=34375.00
ПлательщикСчет=40702810084713330076
Плательщик=АО «ТБАНК» (эквайринг)
ПлательщикИНН=7710140679
ПолучательСчет=40702810200991157228
Получатель=ООО «Кафе Уют»
ПолучательИНН=7701998877
НазначениеПлатежа=Зачисление по операциям эквайринга. НДС не облагается
КонецДокумента
СекцияДокумент=Платежное поручение
Номер=135
Дата=08.09.2025
Сумма=29139.00
ПлательщикСчет=40702810084713330076
Плательщик=АО «ТБАНК» (эквайринг)
ПлательщикИНН=7710140679
ПолучательСчет=40702810200991157228
Получатель=ООО «Кафе Уют»
ПолучательИНН=7701998877
НазначениеПлатежа=Зачисление по операциям эквайринга. НДС не облагается
КонецДокумента
СекцияДокумент=Платежное поручение
Номер=136
Дата=08.09.2025
Сумма=53507.00
ПлательщикСчет=40702810200991157228
Плательщик=ООО «Кафе Уют»
ПлательщикИНН=7701998877
ПолучательСчет=40702810627683571923
Получатель=ООО «Мясной Двор»
ПолучательИНН=5044119988
НазначениеПлатежа=Оплата за продукты питания, накладная от 08.09.2025. В т.ч. НДС
КонецДокумента
СекцияДокумент=Платежное поручение
Номер=137
Дата=09.09.2025
Сумма=40864.00
ПлательщикСчет=40702810084713330076
Плательщик=АО «ТБАНК» (эквайринг)
ПлательщикИНН=7710140679
ПолучательСчет=40702810200991157228
Получатель=ООО «Кафе Уют»
ПолучательИНН=7701998877
НазначениеПлатежа=Зачисление по операциям эквайринга. НДС не облагается
КонецДокумента
СекцияДокумент=Платежное поручение
Номер=138
Дата=10.09.2025
Сумма=25030.00
ПлательщикСчет=40702810084713330076
Плательщик=АО «ТБАНК» (эквайринг)
ПлательщикИНН=7710140679
ПолучательСчет=40702810200991157228
Получатель=ООО «Кафе Уют»
ПолучательИНН=7701998877
НазначениеПлатежа=Зачисление по операциям эквайринга. НДС не облагается
КонецДокумента
СекцияДокумент=Платежное поручение
Номер=139
Дата=10.09.2025
Сумма=71894.00
ПлательщикСчет=40702810200991157228
Плательщик=ООО «Кафе Уют»
ПлательщикИНН=7701998877
ПолучательСчет=40702810627683571923
Получатель=ООО «Мясной Двор»
ПолучательИНН=5044119988
НазначениеПлатежа=Оплата за продукты питания, накладная от 10.09.2025. В т.ч. НДС
КонецДокумента
СекцияДокумент=Платежное поручение
Номер=140
Дата=10.09.2025
Сумма=27363.00
ПлательщикСчет=40702810200991157228
Плательщик=ООО «Кафе Уют»
ПлательщикИНН=7701998877
ПолучательСчет=40702810994064229092
Получатель=ООО «Кафе Уют» // Николаев Р. А.
ПолучательИНН=
НазначениеПлатежа=аванс за 09.2025
КонецДокумента
СекцияДокумент=Платежное поручение
Номер=141
Дата=10.09.2025
Сумма=29387.00
ПлательщикСчет=40702810200991157228
Плательщик=ООО «Кафе Уют»
ПлательщикИНН=7701998877
ПолучательСчет=40702810789471705412
Получатель=ООО «Кафе Уют» // Егорова Т. С.
ПолучательИНН=
НазначениеПлатежа=аванс за 09.2025
КонецДокумента
СекцияДокумент=Платежное поручение
Номер=142
Дата=10.09.2025
Сумма=26403.00
ПлательщикСчет=40702810200991157228
Плательщик=ООО «Кафе Уют»
ПлательщикИНН=7701998877
ПолучательСчет=40702810709572127687
Получатель=ООО «Кафе Уют» // Павлов Д. И.
ПолучательИНН=
НазначениеПлатежа=аванс за 09.2025
КонецДокумента
СекцияДокумент=Платежное поручение
Номер=143
Дата=10.09.2025
Сумма=30818.00
ПлательщикСчет=40702810200991157228
Плательщик=ООО «Кафе Уют»
ПлательщикИНН=7701998877
ПолучательСчет=40702810914539247425
Получатель=ООО «Кафе Уют» // Сидорова М. В.
ПолучательИНН=
НазначениеПлатежа=аванс за 09.2025
КонецДокумента
СекцияДокумент=Платежное поручение
Номер=144
Дата=10.09.2025
Сумма=29110.00
ПлательщикСчет=40702810200991157228
Плательщик=ООО «Кафе Уют»
ПлательщикИНН=7701998877
ПолучательСчет=40702810741119519236
Получатель=ООО «Кафе Уют» // Козлов А. А.
ПолучательИНН=
НазначениеПлатежа=аванс за 09.2025
КонецДокумента
СекцияДокумент=Платежное поручение
Номер=145
Дата=10.09.2025
Сумма=20385.00
ПлательщикСчет=40702810200991157228
Плательщик=ООО «Кафе Уют»
ПлательщикИНН=7701998877
ПолучательСчет=40702810237832156285
Получатель=ООО «Кафе Уют» // Белова Ю. Н.
ПолучательИНН=
НазначениеПлатежа=аванс за 09.2025
КонецДокумента
СекцияДокумент=Платежное поручение
Номер=146
Дата=11.09.2025
Сумма=31765.00
ПлательщикСчет=40702810084713330076
Плательщик=АО «ТБАНК» (эквайринг)
ПлательщикИНН=7710140679
ПолучательСчет=40702810200991157228
Получатель=ООО «Кафе Уют»
ПолучательИНН=7701998877
НазначениеПлатежа=Зачисление по операциям эквайринга. НДС не облагается
КонецДокумента
СекцияДокумент=Платежное поручение
Номер=147
Дата=12.09.2025
Сумма=47029.00
ПлательщикСчет=40702810084713330076
Плательщик=АО «ТБАНК» (эквайринг)
ПлательщикИНН=7710140679
ПолучательСчет=40702810200991157228
Получатель=ООО «Кафе Уют»
ПолучательИНН=7701998877
НазначениеПлатежа=Зачисление по операциям эквайринга. НДС не облагается
КонецДокумента
СекцияДокумент=Платежное поручение
Номер=148
Дата=12.09.2025
Сумма=39938.00
ПлательщикСчет=40702810200991157228
Плательщик=ООО «Кафе Уют»
ПлательщикИНН=7701998877
ПолучательСчет=40702810279048852647
Получатель=ООО «ПродОпт Свежесть»
ПолучательИНН=5029223311
НазначениеПлатежа=Оплата за продукты питания, накладная от 12.09.2025. В т.ч. НДС
КонецДокумента
СекцияДокумент=Платежное поручение
Номер=149
Дата=13.09.2025
Сумма=53655.00
ПлательщикСчет=40702810084713330076
Плательщик=АО «ТБАНК» (эквайринг)
ПлательщикИНН=7710140679
ПолучательСчет=40702810200991157228
Получатель=ООО «Кафе Уют»
ПолучательИНН=7701998877
НазначениеПлатежа=Зачисление по операциям эквайринга. НДС не облагается
КонецДокумента
СекцияДокумент=Платежное поручение
Номер=150
Дата=14.09.2025
Сумма=56848.00
ПлательщикСчет=40702810084713330076
Плательщик=АО «ТБАНК» (эквайринг)
ПлательщикИНН=7710140679
ПолучательСчет=40702810200991157228
Получатель=ООО «Кафе Уют»
ПолучательИНН=7701998877
НазначениеПлатежа=Зачисление по операциям эквайринга. НДС не облагается
КонецДокумента
СекцияДокумент=Платежное поручение
Номер=151
Дата=15.09.2025
Сумма=38956.00
ПлательщикСчет=40702810084713330076
Плательщик=АО «ТБАНК» (эквайринг)
ПлательщикИНН=7710140679
ПолучательСчет=40702810200991157228
Получатель=ООО «Кафе Уют»
ПолучательИНН=7701998877
НазначениеПлатежа=Зачисление по операциям эквайринга. НДС не облагается
КонецДокумента
СекцияДокумент=Платежное поручение
Номер=152
Дата=15.09.2025
Сумма=79714.00
ПлательщикСчет=40702810200991157228
Плательщик=ООО «Кафе Уют»
ПлательщикИНН=7701998877
ПолучательСчет=40702810301404728621
Получатель=ООО «Метро Кэш энд Керри»
ПолучательИНН=7704218694
НазначениеПлатежа=Оплата за продукты питания, накладная от 15.09.2025. В т.ч. НДС
КонецДокумента
СекцияДокумент=Платежное поручение
Номер=153
Дата=15.09.2025
Сумма=53398.00
ПлательщикСчет=40702810200991157228
Плательщик=ООО «Кафе Уют»
ПлательщикИНН=7701998877
ПолучательСчет=40702810164006400573
Получатель=АО «Мосэнергосбыт»
ПолучательИНН=7736520080
НазначениеПлатежа=Оплата электроэнергии за 09.2025. В т.ч. НДС 20%
КонецДокумента
СекцияДокумент=Платежное поручение
Номер=154
Дата=16.09.2025
Сумма=33798.00
ПлательщикСчет=40702810084713330076
Плательщик=АО «ТБАНК» (эквайринг)
ПлательщикИНН=7710140679
ПолучательСчет=40702810200991157228
Получатель=ООО «Кафе Уют»
ПолучательИНН=7701998877
НазначениеПлатежа=Зачисление по операциям эквайринга. НДС не облагается
КонецДокумента
СекцияДокумент=Платежное поручение
Номер=155
Дата=17.09.2025
Сумма=48095.00
ПлательщикСчет=40702810084713330076
Плательщик=АО «ТБАНК» (эквайринг)
ПлательщикИНН=7710140679
ПолучательСчет=40702810200991157228
Получатель=ООО «Кафе Уют»
ПолучательИНН=7701998877
НазначениеПлатежа=Зачисление по операциям эквайринга. НДС не облагается
КонецДокумента
СекцияДокумент=Платежное поручение
Номер=156
Дата=17.09.2025
Сумма=58186.00
ПлательщикСчет=40702810200991157228
Плательщик=ООО «Кафе Уют»
ПлательщикИНН=7701998877
ПолучательСчет=40702810301404728621
Получатель=ООО «Метро Кэш энд Керри»
ПолучательИНН=7704218694
НазначениеПлатежа=Оплата за продукты питания, накладная от 17.09.2025. В т.ч. НДС
КонецДокумента
СекцияДокумент=Платежное поручение
Номер=157
Дата=18.09.2025
Сумма=22110.00
ПлательщикСчет=40702810084713330076
Плательщик=АО «ТБАНК» (эквайринг)
ПлательщикИНН=7710140679
ПолучательСчет=40702810200991157228
Получатель=ООО «Кафе Уют»
ПолучательИНН=7701998877
НазначениеПлатежа=Зачисление по операциям эквайринга. НДС не облагается
КонецДокумента
СекцияДокумент=Платежное поручение
Номер=158
Дата=19.09.2025
Сумма=62800.00
ПлательщикСчет=40702810084713330076
Плательщик=АО «ТБАНК» (эквайринг)
ПлательщикИНН=7710140679
ПолучательСчет=40702810200991157228
Получатель=ООО «Кафе Уют»
ПолучательИНН=7701998877
НазначениеПлатежа=Зачисление по операциям эквайринга. НДС не облагается
КонецДокумента
СекцияДокумент=Платежное поручение
Номер=159
Дата=19.09.2025
Сумма=56714.00
ПлательщикСчет=40702810200991157228
Плательщик=ООО «Кафе Уют»
ПлательщикИНН=7701998877
ПолучательСчет=40702810279048852647
Получатель=ООО «ПродОпт Свежесть»
ПолучательИНН=5029223311
НазначениеПлатежа=Оплата за продукты питания, накладная от 19.09.2025. В т.ч. НДС
КонецДокумента
СекцияДокумент=Платежное поручение
Номер=160
Дата=20.09.2025
Сумма=68985.00
ПлательщикСчет=40702810084713330076
Плательщик=АО «ТБАНК» (эквайринг)
ПлательщикИНН=7710140679
ПолучательСчет=40702810200991157228
Получатель=ООО «Кафе Уют»
ПолучательИНН=7701998877
НазначениеПлатежа=Зачисление по операциям эквайринга. НДС не облагается
КонецДокумента
СекцияДокумент=Платежное поручение
Номер=161
Дата=21.09.2025
Сумма=70441.00
ПлательщикСчет=40702810084713330076
Плательщик=АО «ТБАНК» (эквайринг)
ПлательщикИНН=7710140679
ПолучательСчет=40702810200991157228
Получатель=ООО «Кафе Уют»
ПолучательИНН=7701998877
НазначениеПлатежа=Зачисление по операциям эквайринга. НДС не облагается
КонецДокумента
СекцияДокумент=Платежное поручение
Номер=162
Дата=22.09.2025
Сумма=24586.00
ПлательщикСчет=40702810084713330076
Плательщик=АО «ТБАНК» (эквайринг)
ПлательщикИНН=7710140679
ПолучательСчет=40702810200991157228
Получатель=ООО «Кафе Уют»
ПолучательИНН=7701998877
НазначениеПлатежа=Зачисление по операциям эквайринга. НДС не облагается
КонецДокумента
СекцияДокумент=Платежное поручение
Номер=163
Дата=22.09.2025
Сумма=66946.00
ПлательщикСчет=40702810200991157228
Плательщик=ООО «Кафе Уют»
ПлательщикИНН=7701998877
ПолучательСчет=40702810627683571923
Получатель=ООО «Мясной Двор»
ПолучательИНН=5044119988
НазначениеПлатежа=Оплата за продукты питания, накладная от 22.09.2025. В т.ч. НДС
КонецДокумента
СекцияДокумент=Платежное поручение
Номер=164
Дата=23.09.2025
Сумма=39526.00
ПлательщикСчет=40702810084713330076
Плательщик=АО «ТБАНК» (эквайринг)
ПлательщикИНН=7710140679
ПолучательСчет=40702810200991157228
Получатель=ООО «Кафе Уют»
ПолучательИНН=7701998877
НазначениеПлатежа=Зачисление по операциям эквайринга. НДС не облагается
КонецДокумента
СекцияДокумент=Платежное поручение
Номер=165
Дата=24.09.2025
Сумма=52188.00
ПлательщикСчет=40702810084713330076
Плательщик=АО «ТБАНК» (эквайринг)
ПлательщикИНН=7710140679
ПолучательСчет=40702810200991157228
Получатель=ООО «Кафе Уют»
ПолучательИНН=7701998877
НазначениеПлатежа=Зачисление по операциям эквайринга. НДС не облагается
КонецДокумента
СекцияДокумент=Платежное поручение
Номер=166
Дата=24.09.2025
Сумма=80735.00
ПлательщикСчет=40702810200991157228
Плательщик=ООО «Кафе Уют»
ПлательщикИНН=7701998877
ПолучательСчет=40702810279048852647
Получатель=ООО «ПродОпт Свежесть»
ПолучательИНН=5029223311
НазначениеПлатежа=Оплата за продукты питания, накладная от 24.09.2025. В т.ч. НДС
КонецДокумента
СекцияДокумент=Платежное поручение
Номер=167
Дата=25.09.2025
Сумма=54628.00
ПлательщикСчет=40702810084713330076
Плательщик=АО «ТБАНК» (эквайринг)
ПлательщикИНН=7710140679
ПолучательСчет=40702810200991157228
Получатель=ООО «Кафе Уют»
ПолучательИНН=7701998877
НазначениеПлатежа=Зачисление по операциям эквайринга. НДС не облагается
КонецДокумента
СекцияДокумент=Платежное поручение
Номер=168
Дата=25.09.2025
Сумма=32288.00
ПлательщикСчет=40702810200991157228
Плательщик=ООО «Кафе Уют»
ПлательщикИНН=7701998877
ПолучательСчет=40702810994064229092
Получатель=ООО «Кафе Уют» // Николаев Р. А.
ПолучательИНН=
НазначениеПлатежа=зарплата за 09.2025
КонецДокумента
СекцияДокумент=Платежное поручение
Номер=169
Дата=25.09.2025
Сумма=24446.00
ПлательщикСчет=40702810200991157228
Плательщик=ООО «Кафе Уют»
ПлательщикИНН=7701998877
ПолучательСчет=40702810789471705412
Получатель=ООО «Кафе Уют» // Егорова Т. С.
ПолучательИНН=
НазначениеПлатежа=зарплата за 09.2025
КонецДокумента
СекцияДокумент=Платежное поручение
Номер=170
Дата=25.09.2025
Сумма=27330.00
ПлательщикСчет=40702810200991157228
Плательщик=ООО «Кафе Уют»
ПлательщикИНН=7701998877
ПолучательСчет=40702810709572127687
Получатель=ООО «Кафе Уют» // Павлов Д. И.
ПолучательИНН=
НазначениеПлатежа=зарплата за 09.2025
КонецДокумента
СекцияДокумент=Платежное поручение
Номер=171
Дата=25.09.2025
Сумма=29535.00
ПлательщикСчет=40702810200991157228
Плательщик=ООО «Кафе Уют»
ПлательщикИНН=7701998877
ПолучательСчет=40702810914539247425
Получатель=ООО «Кафе Уют» // Сидорова М. В.
ПолучательИНН=
НазначениеПлатежа=зарплата за 09.2025
КонецДокумента
СекцияДокумент=Платежное поручение
Номер=172
Дата=25.09.2025
Сумма=33769.00
ПлательщикСчет=40702810200991157228
Плательщик=ООО «Кафе Уют»
ПлательщикИНН=7701998877
ПолучательСчет=40702810741119519236
Получатель=ООО «Кафе Уют» // Козлов А. А.
ПолучательИНН=
НазначениеПлатежа=зарплата за 09.2025
КонецДокумента
СекцияДокумент=Платежное поручение
Номер=173
Дата=25.09.2025
Сумма=31777.00
ПлательщикСчет=40702810200991157228
Плательщик=ООО «Кафе Уют»
ПлательщикИНН=7701998877
ПолучательСчет=40702810237832156285
Получатель=ООО «Кафе Уют» // Белова Ю. Н.
ПолучательИНН=
НазначениеПлатежа=зарплата за 09.2025
КонецДокумента
СекцияДокумент=Платежное поручение
Номер=174
Дата=25.09.2025
Сумма=78000.00
ПлательщикСчет=40702810200991157228
Плательщик=ООО «Кафе Уют»
ПлательщикИНН=7701998877
ПолучательСчет=40101810045250010041
Получатель=УФК по г. Москве (ИФНС России)
ПолучательИНН=7727406020
НазначениеПлатежа=Авансовый платёж по УСН за квартал
КонецДокумента
СекцияДокумент=Платежное поручение
Номер=175
Дата=26.09.2025
Сумма=51522.00
ПлательщикСчет=40702810084713330076
Плательщик=АО «ТБАНК» (эквайринг)
ПлательщикИНН=7710140679
ПолучательСчет=40702810200991157228
Получатель=ООО «Кафе Уют»
ПолучательИНН=7701998877
НазначениеПлатежа=Зачисление по операциям эквайринга. НДС не облагается
КонецДокумента
СекцияДокумент=Платежное поручение
Номер=176
Дата=26.09.2025
Сумма=78862.00
ПлательщикСчет=40702810200991157228
Плательщик=ООО «Кафе Уют»
ПлательщикИНН=7701998877
ПолучательСчет=40702810279048852647
Получатель=ООО «ПродОпт Свежесть»
ПолучательИНН=5029223311
НазначениеПлатежа=Оплата за продукты питания, накладная от 26.09.2025. В т.ч. НДС
КонецДокумента
СекцияДокумент=Платежное поручение
Номер=177
Дата=27.09.2025
Сумма=45999.00
ПлательщикСчет=40702810084713330076
Плательщик=АО «ТБАНК» (эквайринг)
ПлательщикИНН=7710140679
ПолучательСчет=40702810200991157228
Получатель=ООО «Кафе Уют»
ПолучательИНН=7701998877
НазначениеПлатежа=Зачисление по операциям эквайринга. НДС не облагается
КонецДокумента
СекцияДокумент=Платежное поручение
Номер=178
Дата=28.09.2025
Сумма=47695.00
ПлательщикСчет=40702810084713330076
Плательщик=АО «ТБАНК» (эквайринг)
ПлательщикИНН=7710140679
ПолучательСчет=40702810200991157228
Получатель=ООО «Кафе Уют»
ПолучательИНН=7701998877
НазначениеПлатежа=Зачисление по операциям эквайринга. НДС не облагается
КонецДокумента
СекцияДокумент=Платежное поручение
Номер=179
Дата=28.09.2025
Сумма=30000.00
ПлательщикСчет=40702810200991157228
Плательщик=ООО «Кафе Уют»
ПлательщикИНН=7701998877
ПолучательСчет=40101810045250010041
Получатель=УФК по г. Москве (ИФНС России)
ПолучательИНН=7727406020
НазначениеПлатежа=НДФЛ за 09.2025
КонецДокумента
СекцияДокумент=Платежное поручение
Номер=180
Дата=28.09.2025
Сумма=95000.00
ПлательщикСчет=40702810200991157228
Плательщик=ООО «Кафе Уют»
ПлательщикИНН=7701998877
ПолучательСчет=40702810016436163161
Получатель=СФР по г. Москве и МО
ПолучательИНН=7703363868
НазначениеПлатежа=Страховые взносы за 09.2025
КонецДокумента
СекцияДокумент=Платежное поручение
Номер=181
Дата=29.09.2025
Сумма=46414.00
ПлательщикСчет=40702810084713330076
Плательщик=АО «ТБАНК» (эквайринг)
ПлательщикИНН=7710140679
ПолучательСчет=40702810200991157228
Получатель=ООО «Кафе Уют»
ПолучательИНН=7701998877
НазначениеПлатежа=Зачисление по операциям эквайринга. НДС не облагается
КонецДокумента
СекцияДокумент=Платежное поручение
Номер=182
Дата=29.09.2025
Сумма=75920.00
ПлательщикСчет=40702810200991157228
Плательщик=ООО «Кафе Уют»
ПлательщикИНН=7701998877
ПолучательСчет=40702810279048852647
Получатель=ООО «ПродОпт Свежесть»
ПолучательИНН=5029223311
НазначениеПлатежа=Оплата за продукты питания, накладная от 29.09.2025. В т.ч. НДС
КонецДокумента
СекцияДокумент=Платежное поручение
Номер=183
Дата=30.09.2025
Сумма=50430.00
ПлательщикСчет=40702810084713330076
Плательщик=АО «ТБАНК» (эквайринг)
ПлательщикИНН=7710140679
ПолучательСчет=40702810200991157228
Получатель=ООО «Кафе Уют»
ПолучательИНН=7701998877
НазначениеПлатежа=Зачисление по операциям эквайринга. НДС не облагается
КонецДокумента
КонецФайла
