1CClientBankExchange
ВерсияФормата=1.03
Кодировка=Windows
Отправитель=АО «АЛЬФА-БАНК»
Получатель=
ДатаСоздания=30.09.2025
ВремяСоздания=18:00:00
ДатаНачала=01.07.2025
ДатаКонца=30.09.2025
РасчСчет=40702810107663193690
СекцияРасчСчет
ДатаНачала=01.07.2025
ДатаКонца=30.09.2025
РасчСчет=40702810107663193690
НачальныйОстаток=250000.00
КонецРасчСчет
СекцияДокумент=Платежное поручение
Номер=1
Дата=06.07.2025
Сумма=640489.00
ПлательщикСчет=40702810107663193690
Плательщик=ООО «Маркет Стар»
ПлательщикИНН=7743011223
ПолучательСчет=40702810018671545291
Получатель=ООО «Гуанчжоу Импорт»
ПолучательИНН=7743998877
НазначениеПлатежа=Предоплата за товар по договору №300/2025. В т.ч. НДС 20%
КонецДокумента
СекцияДокумент=Платежное поручение
Номер=2
Дата=07.07.2025
Сумма=421985.00
ПлательщикСчет=40702810500413399381
Плательщик=ООО «Вайлдберриз»
ПлательщикИНН=7721546864
ПолучательСчет=40702810107663193690
Получатель=ООО «Маркет Стар»
ПолучательИНН=7743011223
НазначениеПлатежа=Выплата по агентскому договору (Wildberries), реестр за неделю. Комиссия удержана. НДС не облагается
КонецДокумента
СекцияДокумент=Платежное поручение
Номер=3
Дата=07.07.2025
Сумма=363927.00
ПлательщикСчет=40702810824480579273
Плательщик=ООО «Интернет Решения» (OZON)
ПлательщикИНН=7704217370
ПолучательСчет=40702810107663193690
Получатель=ООО «Маркет Стар»
ПолучательИНН=7743011223
НазначениеПлатежа=Выплата по агентскому договору (Ozon), реестр за неделю. Комиссия удержана. НДС не облагается
КонецДокумента
СекцияДокумент=Платежное поручение
Номер=4
Дата=07.07.2025
Сумма=398804.00
ПлательщикСчет=40702810803235530863
Плательщик=ООО «Яндекс.Маркет»
ПлательщикИНН=9704254424
ПолучательСчет=40702810107663193690
Получатель=ООО «Маркет Стар»
ПолучательИНН=7743011223
НазначениеПлатежа=Выплата по агентскому договору (Яндекс Маркет), реестр за неделю. Комиссия удержана. НДС не облагается
КонецДокумента
СекцияДокумент=Платежное поручение
Номер=5
Дата=10.07.2025
Сумма=25584.00
ПлательщикСчет=40702810107663193690
Плательщик=ООО «Маркет Стар»
ПлательщикИНН=7743011223
ПолучательСчет=40702810039535551594
Получатель=ООО «Маркет Стар» // Лебедев М. О.
ПолучательИНН=
НазначениеПлатежа=аванс за 07.2025
КонецДокумента
СекцияДокумент=Платежное поручение
Номер=6
Дата=10.07.2025
Сумма=23909.00
ПлательщикСчет=40702810107663193690
Плательщик=ООО «Маркет Стар»
ПлательщикИНН=7743011223
ПолучательСчет=40702810432232346235
Получатель=ООО «Маркет Стар» // Зайцева И. П.
ПолучательИНН=
НазначениеПлатежа=аванс за 07.2025
КонецДокумента
СекцияДокумент=Платежное поручение
Номер=7
Дата=10.07.2025
Сумма=32262.00
ПлательщикСчет=40702810107663193690
Плательщик=ООО «Маркет Стар»
ПлательщикИНН=7743011223
ПолучательСчет=40702810052342761582
Получатель=ООО «Маркет Стар» // Орлов С. В.
ПолучательИНН=
НазначениеПлатежа=аванс за 07.2025
КонецДокумента
СекцияДокумент=Платежное поручение
Номер=8
Дата=14.07.2025
Сумма=384149.00
ПлательщикСчет=40702810500413399381
Плательщик=ООО «Вайлдберриз»
ПлательщикИНН=7721546864
ПолучательСчет=40702810107663193690
Получатель=ООО «Маркет Стар»
ПолучательИНН=7743011223
НазначениеПлатежа=Выплата по агентскому договору (Wildberries), реестр за неделю. Комиссия удержана. НДС не облагается
КонецДокумента
СекцияДокумент=Платежное поручение
Номер=9
Дата=14.07.2025
Сумма=231759.00
ПлательщикСчет=40702810824480579273
Плательщик=ООО «Интернет Решения» (OZON)
ПлательщикИНН=7704217370
ПолучательСчет=40702810107663193690
Получатель=ООО «Маркет Стар»
ПолучательИНН=7743011223
НазначениеПлатежа=Выплата по агентскому договору (Ozon), реестр за неделю. Комиссия удержана. НДС не облагается
КонецДокумента
СекцияДокумент=Платежное поручение
Номер=10
Дата=14.07.2025
Сумма=363934.00
ПлательщикСчет=40702810803235530863
Плательщик=ООО «Яндекс.Маркет»
ПлательщикИНН=9704254424
ПолучательСчет=40702810107663193690
Получатель=ООО «Маркет Стар»
ПолучательИНН=7743011223
НазначениеПлатежа=Выплата по агентскому договору (Яндекс Маркет), реестр за неделю. Комиссия удержана. НДС не облагается
КонецДокумента
СекцияДокумент=Платежное поручение
Номер=11
Дата=14.07.2025
Сумма=64221.00
ПлательщикСчет=40702810107663193690
Плательщик=ООО «Маркет Стар»
ПлательщикИНН=7743011223
ПолучательСчет=40702810440351839282
Получатель=ООО «СДЭК-Логистика»
ПолучательИНН=5406447262
НазначениеПлатежа=Услуги доставки и фулфилмента за 07.2025. В т.ч. НДС 20%
КонецДокумента
СекцияДокумент=Платежное поручение
Номер=12
Дата=16.07.2025
Сумма=549081.00
ПлательщикСчет=40702810107663193690
Плательщик=ООО «Маркет Стар»
ПлательщикИНН=7743011223
ПолучательСчет=40702810589954922210
Получатель=ООО «СкладОпт»
ПолучательИНН=5047223344
НазначениеПлатежа=Предоплата за товар по договору №301/2025. В т.ч. НДС 20%
КонецДокумента
СекцияДокумент=Платежное поручение
Номер=13
Дата=18.07.2025
Сумма=73499.00
ПлательщикСчет=40702810107663193690
Плательщик=ООО «Маркет Стар»
ПлательщикИНН=7743011223
ПолучательСчет=40702810500413399381
Получатель=ООО «Вайлдберриз»
ПолучательИНН=7721546864
НазначениеПлатежа=Оплата продвижения (реклама) за 07.2025
КонецДокумента
СекцияДокумент=Платежное поручение
Номер=14
Дата=21.07.2025
Сумма=286476.00
ПлательщикСчет=40702810500413399381
Плательщик=ООО «Вайлдберриз»
ПлательщикИНН=7721546864
ПолучательСчет=40702810107663193690
Получатель=ООО «Маркет Стар»
ПолучательИНН=7743011223
НазначениеПлатежа=Выплата по агентскому договору (Wildberries), реестр за неделю. Комиссия удержана. НДС не облагается
КонецДокумента
СекцияДокумент=Платежное поручение
Номер=15
Дата=21.07.2025
Сумма=469674.00
ПлательщикСчет=40702810824480579273
Плательщик=ООО «Интернет Решения» (OZON)
ПлательщикИНН=7704217370
ПолучательСчет=40702810107663193690
Получатель=ООО «Маркет Стар»
ПолучательИНН=7743011223
НазначениеПлатежа=Выплата по агентскому договору (Ozon), реестр за неделю. Комиссия удержана. НДС не облагается
КонецДокумента
СекцияДокумент=Платежное поручение
Номер=16
Дата=21.07.2025
Сумма=137996.00
ПлательщикСчет=40702810803235530863
Плательщик=ООО «Яндекс.Маркет»
ПлательщикИНН=9704254424
ПолучательСчет=40702810107663193690
Получатель=ООО «Маркет Стар»
ПолучательИНН=7743011223
НазначениеПлатежа=Выплата по агентскому договору (Яндекс Маркет), реестр за неделю. Комиссия удержана. НДС не облагается
КонецДокумента
СекцияДокумент=Платежное поручение
Номер=17
Дата=25.07.2025
Сумма=29830.00
ПлательщикСчет=40702810107663193690
Плательщик=ООО «Маркет Стар»
ПлательщикИНН=7743011223
ПолучательСчет=40702810039535551594
Получатель=ООО «Маркет Стар» // Лебедев М. О.
ПолучательИНН=
НазначениеПлатежа=зарплата за 07.2025
КонецДокумента
СекцияДокумент=Платежное поручение
Номер=18
Дата=25.07.2025
Сумма=36701.00
ПлательщикСчет=40702810107663193690
Плательщик=ООО «Маркет Стар»
ПлательщикИНН=7743011223
ПолучательСчет=40702810432232346235
Получатель=ООО «Маркет Стар» // Зайцева И. П.
ПолучательИНН=
НазначениеПлатежа=зарплата за 07.2025
КонецДокумента
СекцияДокумент=Платежное поручение
Номер=19
Дата=25.07.2025
Сумма=26023.00
ПлательщикСчет=40702810107663193690
Плательщик=ООО «Маркет Стар»
ПлательщикИНН=7743011223
ПолучательСчет=40702810052342761582
Получатель=ООО «Маркет Стар» // Орлов С. В.
ПолучательИНН=
НазначениеПлатежа=зарплата за 07.2025
КонецДокумента
СекцияДокумент=Платежное поручение
Номер=20
Дата=28.07.2025
Сумма=386848.00
ПлательщикСчет=40702810500413399381
Плательщик=ООО «Вайлдберриз»
ПлательщикИНН=7721546864
ПолучательСчет=40702810107663193690
Получатель=ООО «Маркет Стар»
ПолучательИНН=7743011223
НазначениеПлатежа=Выплата по агентскому договору (Wildberries), реестр за неделю. Комиссия удержана. НДС не облагается
КонецДокумента
СекцияДокумент=Платежное поручение
Номер=21
Дата=28.07.2025
Сумма=424908.00
ПлательщикСчет=40702810824480579273
Плательщик=ООО «Интернет Решения» (OZON)
ПлательщикИНН=7704217370
ПолучательСчет=40702810107663193690
Получатель=ООО «Маркет Стар»
ПолучательИНН=7743011223
НазначениеПлатежа=Выплата по агентскому договору (Ozon), реестр за неделю. Комиссия удержана. НДС не облагается
КонецДокумента
СекцияДокумент=Платежное поручение
Номер=22
Дата=28.07.2025
Сумма=307483.00
ПлательщикСчет=40702810803235530863
Плательщик=ООО «Яндекс.Маркет»
ПлательщикИНН=9704254424
ПолучательСчет=40702810107663193690
Получатель=ООО «Маркет Стар»
ПолучательИНН=7743011223
НазначениеПлатежа=Выплата по агентскому договору (Яндекс Маркет), реестр за неделю. Комиссия удержана. НДС не облагается
КонецДокумента
СекцияДокумент=Платежное поручение
Номер=23
Дата=28.07.2025
Сумма=35000.00
ПлательщикСчет=40702810107663193690
Плательщик=ООО «Маркет Стар»
ПлательщикИНН=7743011223
ПолучательСчет=40101810045250010041
Получатель=УФК по г. Москве (ИФНС России)
ПолучательИНН=7727406020
НазначениеПлатежа=НДФЛ за 07.2025
КонецДокумента
СекцияДокумент=Платежное поручение
Номер=24
Дата=28.07.2025
Сумма=72000.00
ПлательщикСчет=40702810107663193690
Плательщик=ООО «Маркет Стар»
ПлательщикИНН=7743011223
ПолучательСчет=40702810016436163161
Получатель=СФР по г. Москве и МО
ПолучательИНН=7703363868
НазначениеПлатежа=Страховые взносы за 07.2025
КонецДокумента
СекцияДокумент=Платежное поручение
Номер=25
Дата=04.08.2025
Сумма=283827.00
ПлательщикСчет=40702810500413399381
Плательщик=ООО «Вайлдберриз»
ПлательщикИНН=7721546864
ПолучательСчет=40702810107663193690
Получатель=ООО «Маркет Стар»
ПолучательИНН=7743011223
НазначениеПлатежа=Выплата по агентскому договору (Wildberries), реестр за неделю. Комиссия удержана. НДС не облагается
КонецДокумента
СекцияДокумент=Платежное поручение
Номер=26
Дата=04.08.2025
Сумма=392960.00
ПлательщикСчет=40702810824480579273
Плательщик=ООО «Интернет Решения» (OZON)
ПлательщикИНН=7704217370
ПолучательСчет=40702810107663193690
Получатель=ООО «Маркет Стар»
ПолучательИНН=7743011223
НазначениеПлатежа=Выплата по агентскому договору (Ozon), реестр за неделю. Комиссия удержана. НДС не облагается
КонецДокумента
СекцияДокумент=Платежное поручение
Номер=27
Дата=04.08.2025
Сумма=207546.00
ПлательщикСчет=40702810803235530863
Плательщик=ООО «Яндекс.Маркет»
ПлательщикИНН=9704254424
ПолучательСчет=40702810107663193690
Получатель=ООО «Маркет Стар»
ПолучательИНН=7743011223
НазначениеПлатежа=Выплата по агентскому договору (Яндекс Маркет), реестр за неделю. Комиссия удержана. НДС не облагается
КонецДокумента
СекцияДокумент=Платежное поручение
Номер=28
Дата=06.08.2025
Сумма=622749.00
ПлательщикСчет=40702810107663193690
Плательщик=ООО «Маркет Стар»
ПлательщикИНН=7743011223
ПолучательСчет=40702810018671545291
Получатель=ООО «Гуанчжоу Импорт»
ПолучательИНН=7743998877
НазначениеПлатежа=Предоплата за товар по договору №300/2025. В т.ч. НДС 20%
КонецДокумента
СекцияДокумент=Платежное поручение
Номер=29
Дата=10.08.2025
Сумма=35478.00
ПлательщикСчет=40702810107663193690
Плательщик=ООО «Маркет Стар»
ПлательщикИНН=7743011223
ПолучательСчет=40702810039535551594
Получатель=ООО «Маркет Стар» // Лебедев М. О.
ПолучательИНН=
НазначениеПлатежа=аванс за 08.2025
КонецДокумента
СекцияДокумент=Платежное поручение
Номер=30
Дата=10.08.2025
Сумма=36503.00
ПлательщикСчет=40702810107663193690
Плательщик=ООО «Маркет Стар»
ПлательщикИНН=7743011223
ПолучательСчет=40702810432232346235
Получатель=ООО «Маркет Стар» // Зайцева И. П.
ПолучательИНН=
НазначениеПлатежа=аванс за 08.2025
КонецДокумента
СекцияДокумент=Платежное поручение
Номер=31
Дата=10.08.2025
Сумма=27081.00
ПлательщикСчет=40702810107663193690
Плательщик=ООО «Маркет Стар»
ПлательщикИНН=7743011223
ПолучательСчет=40702810052342761582
Получатель=ООО «Маркет Стар» // Орлов С. В.
ПолучательИНН=
НазначениеПлатежа=аванс за 08.2025
КонецДокумента
СекцияДокумент=Платежное поручение
Номер=32
Дата=11.08.2025
Сумма=404306.00
ПлательщикСчет=40702810500413399381
Плательщик=ООО «Вайлдберриз»
ПлательщикИНН=7721546864
ПолучательСчет=40702810107663193690
Получатель=ООО «Маркет Стар»
ПолучательИНН=7743011223
НазначениеПлатежа=Выплата по агентскому договору (Wildberries), реестр за неделю. Комиссия удержана. НДС не облагается
КонецДокумента
СекцияДокумент=Платежное поручение
Номер=33
Дата=11.08.2025
Сумма=129787.00
ПлательщикСчет=40702810824480579273
Плательщик=ООО «Интернет Решения» (OZON)
ПлательщикИНН=7704217370
ПолучательСчет=40702810107663193690
Получатель=ООО «Маркет Стар»
ПолучательИНН=7743011223
НазначениеПлатежа=Выплата по агентскому договору (Ozon), реестр за неделю. Комиссия удержана. НДС не облагается
КонецДокумента
СекцияДокумент=Платежное поручение
Номер=34
Дата=11.08.2025
Сумма=362597.00
ПлательщикСчет=40702810803235530863
Плательщик=ООО «Яндекс.Маркет»
ПлательщикИНН=9704254424
ПолучательСчет=40702810107663193690
Получатель=ООО «Маркет Стар»
ПолучательИНН=7743011223
НазначениеПлатежа=Выплата по агентскому договору (Яндекс Маркет), реестр за неделю. Комиссия удержана. НДС не облагается
КонецДокумента
СекцияДокумент=Платежное поручение
Номер=35
Дата=14.08.2025
Сумма=75934.00
ПлательщикСчет=40702810107663193690
Плательщик=ООО «Маркет Стар»
ПлательщикИНН=7743011223
ПолучательСчет=40702810440351839282
Получатель=ООО «СДЭК-Логистика»
ПолучательИНН=5406447262
НазначениеПлатежа=Услуги доставки и фулфилмента за 08.2025. В т.ч. НДС 20%
КонецДокумента
СекцияДокумент=Платежное поручение
Номер=36
Дата=16.08.2025
Сумма=448465.00
ПлательщикСчет=40702810107663193690
Плательщик=ООО «Маркет Стар»
ПлательщикИНН=7743011223
ПолучательСчет=40702810589954922210
Получатель=ООО «СкладОпт»
ПолучательИНН=5047223344
НазначениеПлатежа=Предоплата за товар по договору №301/2025. В т.ч. НДС 20%
КонецДокумента
СекцияДокумент=Платежное поручение
Номер=37
Дата=18.08.2025
Сумма=424839.00
ПлательщикСчет=40702810500413399381
Плательщик=ООО «Вайлдберриз»
ПлательщикИНН=7721546864
ПолучательСчет=40702810107663193690
Получатель=ООО «Маркет Стар»
ПолучательИНН=7743011223
НазначениеПлатежа=Выплата по агентскому договору (Wildberries), реестр за неделю. Комиссия удержана. НДС не облагается
КонецДокумента
СекцияДокумент=Платежное поручение
Номер=38
Дата=18.08.2025
Сумма=280135.00
ПлательщикСчет=40702810824480579273
Плательщик=ООО «Интернет Решения» (OZON)
ПлательщикИНН=7704217370
ПолучательСчет=40702810107663193690
Получатель=ООО «Маркет Стар»
ПолучательИНН=7743011223
НазначениеПлатежа=Выплата по агентскому договору (Ozon), реестр за неделю. Комиссия удержана. НДС не облагается
КонецДокумента
СекцияДокумент=Платежное поручение
Номер=39
Дата=18.08.2025
Сумма=153312.00
ПлательщикСчет=40702810803235530863
Плательщик=ООО «Яндекс.Маркет»
ПлательщикИНН=9704254424
ПолучательСчет=40702810107663193690
Получатель=ООО «Маркет Стар»
ПолучательИНН=7743011223
НазначениеПлатежа=Выплата по агентскому договору (Яндекс Маркет), реестр за неделю. Комиссия удержана. НДС не облагается
КонецДокумента
СекцияДокумент=Платежное поручение
Номер=40
Дата=18.08.2025
Сумма=147844.00
ПлательщикСчет=40702810107663193690
Плательщик=ООО «Маркет Стар»
ПлательщикИНН=7743011223
ПолучательСчет=40702810500413399381
Получатель=ООО «Вайлдберриз»
ПолучательИНН=7721546864
НазначениеПлатежа=Оплата продвижения (реклама) за 08.2025
КонецДокумента
СекцияДокумент=Платежное поручение
Номер=41
Дата=25.08.2025
Сумма=241646.00
ПлательщикСчет=40702810500413399381
Плательщик=ООО «Вайлдберриз»
ПлательщикИНН=7721546864
ПолучательСчет=40702810107663193690
Получатель=ООО «Маркет Стар»
ПолучательИНН=7743011223
НазначениеПлатежа=Выплата по агентскому договору (Wildberries), реестр за неделю. Комиссия удержана. НДС не облагается
КонецДокумента
СекцияДокумент=Платежное поручение
Номер=42
Дата=25.08.2025
Сумма=189241.00
ПлательщикСчет=40702810824480579273
Плательщик=ООО «Интернет Решения» (OZON)
ПлательщикИНН=7704217370
ПолучательСчет=40702810107663193690
Получатель=ООО «Маркет Стар»
ПолучательИНН=7743011223
НазначениеПлатежа=Выплата по агентскому договору (Ozon), реестр за неделю. Комиссия удержана. НДС не облагается
КонецДокумента
СекцияДокумент=Платежное поручение
Номер=43
Дата=25.08.2025
Сумма=412026.00
ПлательщикСчет=40702810803235530863
Плательщик=ООО «Яндекс.Маркет»
ПлательщикИНН=9704254424
ПолучательСчет=40702810107663193690
Получатель=ООО «Маркет Стар»
ПолучательИНН=7743011223
НазначениеПлатежа=Выплата по агентскому договору (Яндекс Маркет), реестр за неделю. Комиссия удержана. НДС не облагается
КонецДокумента
СекцияДокумент=Платежное поручение
Номер=44
Дата=25.08.2025
Сумма=31121.00
ПлательщикСчет=40702810107663193690
Плательщик=ООО «Маркет Стар»
ПлательщикИНН=7743011223
ПолучательСчет=40702810039535551594
Получатель=ООО «Маркет Стар» // Лебедев М. О.
ПолучательИНН=
НазначениеПлатежа=зарплата за 08.2025
КонецДокумента
СекцияДокумент=Платежное поручение
Номер=45
Дата=25.08.2025
Сумма=32787.00
ПлательщикСчет=40702810107663193690
Плательщик=ООО «Маркет Стар»
ПлательщикИНН=7743011223
ПолучательСчет=40702810432232346235
Получатель=ООО «Маркет Стар» // Зайцева И. П.
ПолучательИНН=
НазначениеПлатежа=зарплата за 08.2025
КонецДокумента
СекцияДокумент=Платежное поручение
Номер=46
Дата=25.08.2025
Сумма=27481.00
ПлательщикСчет=40702810107663193690
Плательщик=ООО «Маркет Стар»
ПлательщикИНН=7743011223
ПолучательСчет=40702810052342761582
Получатель=ООО «Маркет Стар» // Орлов С. В.
ПолучательИНН=
НазначениеПлатежа=зарплата за 08.2025
КонецДокумента
СекцияДокумент=Платежное поручение
Номер=47
Дата=28.08.2025
Сумма=35000.00
ПлательщикСчет=40702810107663193690
Плательщик=ООО «Маркет Стар»
ПлательщикИНН=7743011223
ПолучательСчет=40101810045250010041
Получатель=УФК по г. Москве (ИФНС России)
ПолучательИНН=7727406020
НазначениеПлатежа=НДФЛ за 08.2025
КонецДокумента
СекцияДокумент=Платежное поручение
Номер=48
Дата=28.08.2025
Сумма=72000.00
ПлательщикСчет=40702810107663193690
Плательщик=ООО «Маркет Стар»
ПлательщикИНН=7743011223
ПолучательСчет=40702810016436163161
Получатель=СФР по г. Москве и МО
ПолучательИНН=7703363868
НазначениеПлатежа=Страховые взносы за 08.2025
КонецДокумента
СекцияДокумент=Платежное поручение
Номер=49
Дата=01.09.2025
Сумма=246319.00
ПлательщикСчет=40702810500413399381
Плательщик=ООО «Вайлдберриз»
ПлательщикИНН=7721546864
ПолучательСчет=40702810107663193690
Получатель=ООО «Маркет Стар»
ПолучательИНН=7743011223
НазначениеПлатежа=Выплата по агентскому договору (Wildberries), реестр за неделю. Комиссия удержана. НДС не облагается
КонецДокумента
СекцияДокумент=Платежное поручение
Номер=50
Дата=01.09.2025
Сумма=298755.00
ПлательщикСчет=40702810824480579273
Плательщик=ООО «Интернет Решения» (OZON)
ПлательщикИНН=7704217370
ПолучательСчет=40702810107663193690
Получатель=ООО «Маркет Стар»
ПолучательИНН=7743011223
НазначениеПлатежа=Выплата по агентскому договору (Ozon), реестр за неделю. Комиссия удержана. НДС не облагается
КонецДокумента
СекцияДокумент=Платежное поручение
Номер=51
Дата=01.09.2025
Сумма=347987.00
ПлательщикСчет=40702810803235530863
Плательщик=ООО «Яндекс.Маркет»
ПлательщикИНН=9704254424
ПолучательСчет=40702810107663193690
Получатель=ООО «Маркет Стар»
ПолучательИНН=7743011223
НазначениеПлатежа=Выплата по агентскому договору (Яндекс Маркет), реестр за неделю. Комиссия удержана. НДС не облагается
КонецДокумента
СекцияДокумент=Платежное поручение
Номер=52
Дата=06.09.2025
Сумма=607037.00
ПлательщикСчет=40702810107663193690
Плательщик=ООО «Маркет Стар»
ПлательщикИНН=7743011223
ПолучательСчет=40702810018671545291
Получатель=ООО «Гуанчжоу Импорт»
ПолучательИНН=7743998877
НазначениеПлатежа=Предоплата за товар по договору №300/2025. В т.ч. НДС 20%
КонецДокумента
СекцияДокумент=Платежное поручение
Номер=53
Дата=08.09.2025
Сумма=366082.00
ПлательщикСчет=40702810500413399381
Плательщик=ООО «Вайлдберриз»
ПлательщикИНН=7721546864
ПолучательСчет=40702810107663193690
Получатель=ООО «Маркет Стар»
ПолучательИНН=7743011223
НазначениеПлатежа=Выплата по агентскому договору (Wildberries), реестр за неделю. Комиссия удержана. НДС не облагается
КонецДокумента
СекцияДокумент=Платежное поручение
Номер=54
Дата=08.09.2025
Сумма=224960.00
ПлательщикСчет=40702810824480579273
Плательщик=ООО «Интернет Решения» (OZON)
ПлательщикИНН=7704217370
ПолучательСчет=40702810107663193690
Получатель=ООО «Маркет Стар»
ПолучательИНН=7743011223
НазначениеПлатежа=Выплата по агентскому договору (Ozon), реестр за неделю. Комиссия удержана. НДС не облагается
КонецДокумента
СекцияДокумент=Платежное поручение
Номер=55
Дата=08.09.2025
Сумма=243196.00
ПлательщикСчет=40702810803235530863
Плательщик=ООО «Яндекс.Маркет»
ПлательщикИНН=9704254424
ПолучательСчет=40702810107663193690
Получатель=ООО «Маркет Стар»
ПолучательИНН=7743011223
НазначениеПлатежа=Выплата по агентскому договору (Яндекс Маркет), реестр за неделю. Комиссия удержана. НДС не облагается
КонецДокумента
СекцияДокумент=Платежное поручение
Номер=56
Дата=10.09.2025
Сумма=26679.00
ПлательщикСчет=40702810107663193690
Плательщик=ООО «Маркет Стар»
ПлательщикИНН=7743011223
ПолучательСчет=40702810039535551594
Получатель=ООО «Маркет Стар» // Лебедев М. О.
ПолучательИНН=
НазначениеПлатежа=аванс за 09.2025
КонецДокумента
СекцияДокумент=Платежное поручение
Номер=57
Дата=10.09.2025
Сумма=29017.00
ПлательщикСчет=40702810107663193690
Плательщик=ООО «Маркет Стар»
ПлательщикИНН=7743011223
ПолучательСчет=40702810432232346235
Получатель=ООО «Маркет Стар» // Зайцева И. П.
ПолучательИНН=
НазначениеПлатежа=аванс за 09.2025
КонецДокумента
СекцияДокумент=Платежное поручение
Номер=58
Дата=10.09.2025
Сумма=35086.00
ПлательщикСчет=40702810107663193690
Плательщик=ООО «Маркет Стар»
ПлательщикИНН=7743011223
ПолучательСчет=40702810052342761582
Получатель=ООО «Маркет Стар» // Орлов С. В.
ПолучательИНН=
НазначениеПлатежа=аванс за 09.2025
КонецДокумента
СекцияДокумент=Платежное поручение
Номер=59
Дата=14.09.2025
Сумма=78588.00
ПлательщикСчет=40702810107663193690
Плательщик=ООО «Маркет Стар»
ПлательщикИНН=7743011223
ПолучательСчет=40702810440351839282
Получатель=ООО «СДЭК-Логистика»
ПолучательИНН=5406447262
НазначениеПлатежа=Услуги доставки и фулфилмента за 09.2025. В т.ч. НДС 20%
КонецДокумента
СекцияДокумент=Платежное поручение
Номер=60
Дата=15.09.2025
Сумма=210216.00
ПлательщикСчет=40702810500413399381
Плательщик=ООО «Вайлдберриз»
ПлательщикИНН=7721546864
ПолучательСчет=40702810107663193690
Получатель=ООО «Маркет Стар»
ПолучательИНН=7743011223
НазначениеПлатежа=Выплата по агентскому договору (Wildberries), реестр за неделю. Комиссия удержана. НДС не облагается
КонецДокумента
СекцияДокумент=Платежное поручение
Номер=61
Дата=15.09.2025
Сумма=153027.00
ПлательщикСчет=40702810824480579273
Плательщик=ООО «Интернет Решения» (OZON)
ПлательщикИНН=7704217370
ПолучательСчет=40702810107663193690
Получатель=ООО «Маркет Стар»
ПолучательИНН=7743011223
НазначениеПлатежа=Выплата по агентскому договору (Ozon), реестр за неделю. Комиссия удержана. НДС не облагается
КонецДокумента
СекцияДокумент=Платежное поручение
Номер=62
Дата=15.09.2025
Сумма=382077.00
ПлательщикСчет=40702810803235530863
Плательщик=ООО «Яндекс.Маркет»
ПлательщикИНН=9704254424
ПолучательСчет=40702810107663193690
Получатель=ООО «Маркет Стар»
ПолучательИНН=7743011223
НазначениеПлатежа=Выплата по агентскому договору (Яндекс Маркет), реестр за неделю. Комиссия удержана. НДС не облагается
КонецДокумента
СекцияДокумент=Платежное поручение
Номер=63
Дата=16.09.2025
Сумма=596110.00
ПлательщикСчет=40702810107663193690
Плательщик=ООО «Маркет Стар»
ПлательщикИНН=7743011223
ПолучательСчет=40702810589954922210
Получатель=ООО «СкладОпт»
ПолучательИНН=5047223344
НазначениеПлатежа=Предоплата за товар по договору №301/2025. В т.ч. НДС 20%
КонецДокумента
СекцияДокумент=Платежное поручение
Номер=64
Дата=18.09.2025
Сумма=84239.00
ПлательщикСчет=40702810107663193690
Плательщик=ООО «Маркет Стар»
ПлательщикИНН=7743011223
ПолучательСчет=40702810500413399381
Получатель=ООО «Вайлдберриз»
ПолучательИНН=7721546864
НазначениеПлатежа=Оплата продвижения (реклама) за 09.2025
КонецДокумента
СекцияДокумент=Платежное поручение
Номер=65
Дата=22.09.2025
Сумма=141294.00
ПлательщикСчет=40702810500413399381
Плательщик=ООО «Вайлдберриз»
ПлательщикИНН=7721546864
ПолучательСчет=40702810107663193690
Получатель=ООО «Маркет Стар»
ПолучательИНН=7743011223
НазначениеПлатежа=Выплата по агентскому договору (Wildberries), реестр за неделю. Комиссия удержана. НДС не облагается
КонецДокумента
СекцияДокумент=Платежное поручение
Номер=66
Дата=22.09.2025
Сумма=439331.00
ПлательщикСчет=40702810824480579273
Плательщик=ООО «Интернет Решения» (OZON)
ПлательщикИНН=7704217370
ПолучательСчет=40702810107663193690
Получатель=ООО «Маркет Стар»
ПолучательИНН=7743011223
НазначениеПлатежа=Выплата по агентскому договору (Ozon), реестр за неделю. Комиссия удержана. НДС не облагается
КонецДокумента
СекцияДокумент=Платежное поручение
Номер=67
Дата=22.09.2025
Сумма=402775.00
ПлательщикСчет=40702810803235530863
Плательщик=ООО «Яндекс.Маркет»
ПлательщикИНН=9704254424
ПолучательСчет=40702810107663193690
Получатель=ООО «Маркет Стар»
ПолучательИНН=7743011223
НазначениеПлатежа=Выплата по агентскому договору (Яндекс Маркет), реестр за неделю. Комиссия удержана. НДС не облагается
КонецДокумента
СекцияДокумент=Платежное поручение
Номер=68
Дата=25.09.2025
Сумма=36000.00
ПлательщикСчет=40702810107663193690
Плательщик=ООО «Маркет Стар»
ПлательщикИНН=7743011223
ПолучательСчет=40702810039535551594
Получатель=ООО «Маркет Стар» // Лебедев М. О.
ПолучательИНН=
НазначениеПлатежа=зарплата за 09.2025
КонецДокумента
СекцияДокумент=Платежное поручение
Номер=69
Дата=25.09.2025
Сумма=27490.00
ПлательщикСчет=40702810107663193690
Плательщик=ООО «Маркет Стар»
ПлательщикИНН=7743011223
ПолучательСчет=40702810432232346235
Получатель=ООО «Маркет Стар» // Зайцева И. П.
ПолучательИНН=
НазначениеПлатежа=зарплата за 09.2025
КонецДокумента
СекцияДокумент=Платежное поручение
Номер=70
Дата=25.09.2025
Сумма=27014.00
ПлательщикСчет=40702810107663193690
Плательщик=ООО «Маркет Стар»
ПлательщикИНН=7743011223
ПолучательСчет=40702810052342761582
Получатель=ООО «Маркет Стар» // Орлов С. В.
ПолучательИНН=
НазначениеПлатежа=зарплата за 09.2025
КонецДокумента
СекцияДокумент=Платежное поручение
Номер=71
Дата=25.09.2025
Сумма=140000.00
ПлательщикСчет=40702810107663193690
Плательщик=ООО «Маркет Стар»
ПлательщикИНН=7743011223
ПолучательСчет=40101810045250010041
Получатель=УФК по г. Москве (ИФНС России)
ПолучательИНН=7727406020
НазначениеПлатежа=Авансовый платёж по УСН за квартал
КонецДокумента
СекцияДокумент=Платежное поручение
Номер=72
Дата=28.09.2025
Сумма=35000.00
ПлательщикСчет=40702810107663193690
Плательщик=ООО «Маркет Стар»
ПлательщикИНН=7743011223
ПолучательСчет=40101810045250010041
Получатель=УФК по г. Москве (ИФНС России)
ПолучательИНН=7727406020
НазначениеПлатежа=НДФЛ за 09.2025
КонецДокумента
СекцияДокумент=Платежное поручение
Номер=73
Дата=28.09.2025
Сумма=72000.00
ПлательщикСчет=40702810107663193690
Плательщик=ООО «Маркет Стар»
ПлательщикИНН=7743011223
ПолучательСчет=40702810016436163161
Получатель=СФР по г. Москве и МО
ПолучательИНН=7703363868
НазначениеПлатежа=Страховые взносы за 09.2025
КонецДокумента
СекцияДокумент=Платежное поручение
Номер=74
Дата=29.09.2025
Сумма=256750.00
ПлательщикСчет=40702810500413399381
Плательщик=ООО «Вайлдберриз»
ПлательщикИНН=7721546864
ПолучательСчет=40702810107663193690
Получатель=ООО «Маркет Стар»
ПолучательИНН=7743011223
НазначениеПлатежа=Выплата по агентскому договору (Wildberries), реестр за неделю. Комиссия удержана. НДС не облагается
КонецДокумента
СекцияДокумент=Платежное поручение
Номер=75
Дата=29.09.2025
Сумма=410198.00
ПлательщикСчет=40702810824480579273
Плательщик=ООО «Интернет Решения» (OZON)
ПлательщикИНН=7704217370
ПолучательСчет=40702810107663193690
Получатель=ООО «Маркет Стар»
ПолучательИНН=7743011223
НазначениеПлатежа=Выплата по агентскому договору (Ozon), реестр за неделю. Комиссия удержана. НДС не облагается
КонецДокумента
СекцияДокумент=Платежное поручение
Номер=76
Дата=29.09.2025
Сумма=376865.00
ПлательщикСчет=40702810803235530863
Плательщик=ООО «Яндекс.Маркет»
ПлательщикИНН=9704254424
ПолучательСчет=40702810107663193690
Получатель=ООО «Маркет Стар»
ПолучательИНН=7743011223
НазначениеПлатежа=Выплата по агентскому договору (Яндекс Маркет), реестр за неделю. Комиссия удержана. НДС не облагается
КонецДокумента
КонецФайла
