1CClientBankExchange
ВерсияФормата=1.03
Кодировка=Windows
Отправитель=ПАО СБЕРБАНК
Получатель=
ДатаСоздания=30.09.2025
ВремяСоздания=18:00:00
ДатаНачала=01.07.2025
ДатаКонца=30.09.2025
РасчСчет=40802810024570334692
СекцияРасчСчет
ДатаНачала=01.07.2025
ДатаКонца=30.09.2025
РасчСчет=40802810024570334692
НачальныйОстаток=250000.00
КонецРасчСчет
СекцияДокумент=Платежное поручение
Номер=1
Дата=01.07.2025
Сумма=24546.00
ПлательщикСчет=40702810065020711858
Плательщик=ПАО СБЕРБАНК (эквайринг)
ПлательщикИНН=7707083893
ПолучательСчет=40802810024570334692
Получатель=ИП Петров Иван Сергеевич
ПолучательИНН=770912345678
НазначениеПлатежа=Возмещение по эквайрингу по договору №ЭКВ-114/2024. НДС не облагается
КонецДокумента
СекцияДокумент=Платежное поручение
Номер=2
Дата=02.07.2025
Сумма=53200.00
ПлательщикСчет=40702810065020711858
Плательщик=ПАО СБЕРБАНК (эквайринг)
ПлательщикИНН=7707083893
ПолучательСчет=40802810024570334692
Получатель=ИП Петров Иван Сергеевич
ПолучательИНН=770912345678
НазначениеПлатежа=Возмещение по эквайрингу по договору №ЭКВ-114/2024. НДС не облагается
КонецДокумента
СекцияДокумент=Платежное поручение
Номер=3
Дата=03.07.2025
Сумма=48667.00
ПлательщикСчет=40702810065020711858
Плательщик=ПАО СБЕРБАНК (эквайринг)
ПлательщикИНН=7707083893
ПолучательСчет=40802810024570334692
Получатель=ИП Петров Иван Сергеевич
ПолучательИНН=770912345678
НазначениеПлатежа=Возмещение по эквайрингу по договору №ЭКВ-114/2024. НДС не облагается
КонецДокумента
СекцияДокумент=Платежное поручение
Номер=4
Дата=03.07.2025
Сумма=95000.00
ПлательщикСчет=40802810024570334692
Плательщик=ИП Петров Иван Сергеевич
ПлательщикИНН=770912345678
ПолучательСчет=40702810535339763786
Получатель=ООО «ТЦ Меридиан»
ПолучательИНН=7719854120
НазначениеПлатежа=Оплата аренды торгового помещения за 07.2025. НДС не облагается
КонецДокумента
СекцияДокумент=Платежное поручение
Номер=5
Дата=04.07.2025
Сумма=47023.00
ПлательщикСчет=40702810065020711858
Плательщик=ПАО СБЕРБАНК (эквайринг)
ПлательщикИНН=7707083893
ПолучательСчет=40802810024570334692
Получатель=ИП Петров Иван Сергеевич
ПолучательИНН=770912345678
НазначениеПлатежа=Возмещение по эквайрингу по договору №ЭКВ-114/2024. НДС не облагается
КонецДокумента
СекцияДокумент=Платежное поручение
Номер=6
Дата=05.07.2025
Сумма=10226.00
ПлательщикСчет=40802810024570334692
Плательщик=ИП Петров Иван Сергеевич
ПлательщикИНН=770912345678
ПолучательСчет=40702810509073345605
Получатель=ПАО СБЕРБАНК
ПолучательИНН=7707083893
НазначениеПлатежа=Комиссия за услуги эквайринга. НДС не облагается
КонецДокумента
СекцияДокумент=Платежное поручение
Номер=7
Дата=07.07.2025
Сумма=42196.00
ПлательщикСчет=40702810065020711858
Плательщик=ПАО СБЕРБАНК (эквайринг)
ПлательщикИНН=7707083893
ПолучательСчет=40802810024570334692
Получатель=ИП Петров Иван Сергеевич
ПолучательИНН=770912345678
НазначениеПлатежа=Возмещение по эквайрингу по договору №ЭКВ-114/2024. НДС не облагается
КонецДокумента
СекцияДокумент=Платежное поручение
Номер=8
Дата=08.07.2025
Сумма=40604.00
ПлательщикСчет=40702810065020711858
Плательщик=ПАО СБЕРБАНК (эквайринг)
ПлательщикИНН=7707083893
ПолучательСчет=40802810024570334692
Получатель=ИП Петров Иван Сергеевич
ПолучательИНН=770912345678
НазначениеПлатежа=Возмещение по эквайрингу по договору №ЭКВ-114/2024. НДС не облагается
КонецДокумента
СекцияДокумент=Платежное поручение
Номер=9
Дата=09.07.2025
Сумма=28674.00
ПлательщикСчет=40702810065020711858
Плательщик=ПАО СБЕРБАНК (эквайринг)
ПлательщикИНН=7707083893
ПолучательСчет=40802810024570334692
Получатель=ИП Петров Иван Сергеевич
ПолучательИНН=770912345678
НазначениеПлатежа=Возмещение по эквайрингу по договору №ЭКВ-114/2024. НДС не облагается
КонецДокумента
СекцияДокумент=Платежное поручение
Номер=10
Дата=10.07.2025
Сумма=47269.00
ПлательщикСчет=40702810065020711858
Плательщик=ПАО СБЕРБАНК (эквайринг)
ПлательщикИНН=7707083893
ПолучательСчет=40802810024570334692
Получатель=ИП Петров Иван Сергеевич
ПолучательИНН=770912345678
НазначениеПлатежа=Возмещение по эквайрингу по договору №ЭКВ-114/2024. НДС не облагается
КонецДокумента
СекцияДокумент=Платежное поручение
Номер=11
Дата=10.07.2025
Сумма=21000.00
ПлательщикСчет=40802810024570334692
Плательщик=ИП Петров Иван Сергеевич
ПлательщикИНН=770912345678
ПолучательСчет=40702810430943961719
Получатель=ИП Петров И.С. // Смирнова А. В.
ПолучательИНН=
НазначениеПлатежа=Заработная плата (аванс) за 07.2025. НДФЛ удержан
КонецДокумента
СекцияДокумент=Платежное поручение
Номер=12
Дата=10.07.2025
Сумма=21000.00
ПлательщикСчет=40802810024570334692
Плательщик=ИП Петров Иван Сергеевич
ПлательщикИНН=770912345678
ПолучательСчет=40702810510033036478
Получатель=ИП Петров И.С. // Кузьмина О. Н.
ПолучательИНН=
НазначениеПлатежа=Заработная плата (аванс) за 07.2025. НДФЛ удержан
КонецДокумента
СекцияДокумент=Платежное поручение
Номер=13
Дата=11.07.2025
Сумма=57990.00
ПлательщикСчет=40702810065020711858
Плательщик=ПАО СБЕРБАНК (эквайринг)
ПлательщикИНН=7707083893
ПолучательСчет=40802810024570334692
Получатель=ИП Петров Иван Сергеевич
ПолучательИНН=770912345678
НазначениеПлатежа=Возмещение по эквайрингу по договору №ЭКВ-114/2024. НДС не облагается
КонецДокумента
СекцияДокумент=Платежное поручение
Номер=14
Дата=12.07.2025
Сумма=223779.00
ПлательщикСчет=40802810024570334692
Плательщик=ИП Петров Иван Сергеевич
ПлательщикИНН=770912345678
ПолучательСчет=40702810484742594673
Получатель=ООО «Модный Дом Опт»
ПолучательИНН=7801456712
НазначениеПлатежа=Оплата по договору поставки товара №100/2025, счёт от 12.07.2025. В т.ч. НДС 20%
КонецДокумента
СекцияДокумент=Платежное поручение
Номер=15
Дата=14.07.2025
Сумма=53012.00
ПлательщикСчет=40702810065020711858
Плательщик=ПАО СБЕРБАНК (эквайринг)
ПлательщикИНН=7707083893
ПолучательСчет=40802810024570334692
Получатель=ИП Петров Иван Сергеевич
ПолучательИНН=770912345678
НазначениеПлатежа=Возмещение по эквайрингу по договору №ЭКВ-114/2024. НДС не облагается
КонецДокумента
СекцияДокумент=Платежное поручение
Номер=16
Дата=15.07.2025
Сумма=21836.00
ПлательщикСчет=40702810065020711858
Плательщик=ПАО СБЕРБАНК (эквайринг)
ПлательщикИНН=7707083893
ПолучательСчет=40802810024570334692
Получатель=ИП Петров Иван Сергеевич
ПолучательИНН=770912345678
НазначениеПлатежа=Возмещение по эквайрингу по договору №ЭКВ-114/2024. НДС не облагается
КонецДокумента
СекцияДокумент=Платежное поручение
Номер=17
Дата=16.07.2025
Сумма=42464.00
ПлательщикСчет=40702810065020711858
Плательщик=ПАО СБЕРБАНК (эквайринг)
ПлательщикИНН=7707083893
ПолучательСчет=40802810024570334692
Получатель=ИП Петров Иван Сергеевич
ПолучательИНН=770912345678
НазначениеПлатежа=Возмещение по эквайрингу по договору №ЭКВ-114/2024. НДС не облагается
КонецДокумента
СекцияДокумент=Платежное поручение
Номер=18
Дата=17.07.2025
Сумма=49444.00
ПлательщикСчет=40702810065020711858
Плательщик=ПАО СБЕРБАНК (эквайринг)
ПлательщикИНН=7707083893
ПолучательСчет=40802810024570334692
Получатель=ИП Петров Иван Сергеевич
ПолучательИНН=770912345678
НазначениеПлатежа=Возмещение по эквайрингу по договору №ЭКВ-114/2024. НДС не облагается
КонецДокумента
СекцияДокумент=Платежное поручение
Номер=19
Дата=18.07.2025
Сумма=61227.00
ПлательщикСчет=40702810065020711858
Плательщик=ПАО СБЕРБАНК (эквайринг)
ПлательщикИНН=7707083893
ПолучательСчет=40802810024570334692
Получатель=ИП Петров Иван Сергеевич
ПолучательИНН=770912345678
НазначениеПлатежа=Возмещение по эквайрингу по договору №ЭКВ-114/2024. НДС не облагается
КонецДокумента
СекцияДокумент=Платежное поручение
Номер=20
Дата=18.07.2025
Сумма=169251.00
ПлательщикСчет=40802810024570334692
Плательщик=ИП Петров Иван Сергеевич
ПлательщикИНН=770912345678
ПолучательСчет=40702810134609705869
Получатель=ООО «Текстиль-Трейд»
ПолучательИНН=5024112233
НазначениеПлатежа=Оплата по договору поставки товара №101/2025, счёт от 18.07.2025. В т.ч. НДС 20%
КонецДокумента
СекцияДокумент=Платежное поручение
Номер=21
Дата=21.07.2025
Сумма=59242.00
ПлательщикСчет=40702810065020711858
Плательщик=ПАО СБЕРБАНК (эквайринг)
ПлательщикИНН=7707083893
ПолучательСчет=40802810024570334692
Получатель=ИП Петров Иван Сергеевич
ПолучательИНН=770912345678
НазначениеПлатежа=Возмещение по эквайрингу по договору №ЭКВ-114/2024. НДС не облагается
КонецДокумента
СекцияДокумент=Платежное поручение
Номер=22
Дата=22.07.2025
Сумма=63279.00
ПлательщикСчет=40702810065020711858
Плательщик=ПАО СБЕРБАНК (эквайринг)
ПлательщикИНН=7707083893
ПолучательСчет=40802810024570334692
Получатель=ИП Петров Иван Сергеевич
ПолучательИНН=770912345678
НазначениеПлатежа=Возмещение по эквайрингу по договору №ЭКВ-114/2024. НДС не облагается
КонецДокумента
СекцияДокумент=Платежное поручение
Номер=23
Дата=23.07.2025
Сумма=46540.00
ПлательщикСчет=40702810065020711858
Плательщик=ПАО СБЕРБАНК (эквайринг)
ПлательщикИНН=7707083893
ПолучательСчет=40802810024570334692
Получатель=ИП Петров Иван Сергеевич
ПолучательИНН=770912345678
НазначениеПлатежа=Возмещение по эквайрингу по договору №ЭКВ-114/2024. НДС не облагается
КонецДокумента
СекцияДокумент=Платежное поручение
Номер=24
Дата=24.07.2025
Сумма=43589.00
ПлательщикСчет=40702810065020711858
Плательщик=ПАО СБЕРБАНК (эквайринг)
ПлательщикИНН=7707083893
ПолучательСчет=40802810024570334692
Получатель=ИП Петров Иван Сергеевич
ПолучательИНН=770912345678
НазначениеПлатежа=Возмещение по эквайрингу по договору №ЭКВ-114/2024. НДС не облагается
КонецДокумента
СекцияДокумент=Платежное поручение
Номер=25
Дата=25.07.2025
Сумма=69160.00
ПлательщикСчет=40702810065020711858
Плательщик=ПАО СБЕРБАНК (эквайринг)
ПлательщикИНН=7707083893
ПолучательСчет=40802810024570334692
Получатель=ИП Петров Иван Сергеевич
ПолучательИНН=770912345678
НазначениеПлатежа=Возмещение по эквайрингу по договору №ЭКВ-114/2024. НДС не облагается
КонецДокумента
СекцияДокумент=Платежное поручение
Номер=26
Дата=25.07.2025
Сумма=24000.00
ПлательщикСчет=40802810024570334692
Плательщик=ИП Петров Иван Сергеевич
ПлательщикИНН=770912345678
ПолучательСчет=40702810430943961719
Получатель=ИП Петров И.С. // Смирнова А. В.
ПолучательИНН=
НазначениеПлатежа=Заработная плата (окончательный расчёт) за 07.2025. НДФЛ удержан
КонецДокумента
СекцияДокумент=Платежное поручение
Номер=27
Дата=25.07.2025
Сумма=24000.00
ПлательщикСчет=40802810024570334692
Плательщик=ИП Петров Иван Сергеевич
ПлательщикИНН=770912345678
ПолучательСчет=40702810510033036478
Получатель=ИП Петров И.С. // Кузьмина О. Н.
ПолучательИНН=
НазначениеПлатежа=Заработная плата (окончательный расчёт) за 07.2025. НДФЛ удержан
КонецДокумента
СекцияДокумент=Платежное поручение
Номер=28
Дата=28.07.2025
Сумма=49123.00
ПлательщикСчет=40702810065020711858
Плательщик=ПАО СБЕРБАНК (эквайринг)
ПлательщикИНН=7707083893
ПолучательСчет=40802810024570334692
Получатель=ИП Петров Иван Сергеевич
ПолучательИНН=770912345678
НазначениеПлатежа=Возмещение по эквайрингу по договору №ЭКВ-114/2024. НДС не облагается
КонецДокумента
СекцияДокумент=Платежное поручение
Номер=29
Дата=28.07.2025
Сумма=13000.00
ПлательщикСчет=40802810024570334692
Плательщик=ИП Петров Иван Сергеевич
ПлательщикИНН=770912345678
ПолучательСчет=40101810045250010041
Получатель=УФК по г. Москве (ИФНС России)
ПолучательИНН=7727406020
НазначениеПлатежа=НДФЛ с заработной платы за 07.2025
КонецДокумента
СекцияДокумент=Платежное поручение
Номер=30
Дата=28.07.2025
Сумма=27000.00
ПлательщикСчет=40802810024570334692
Плательщик=ИП Петров Иван Сергеевич
ПлательщикИНН=770912345678
ПолучательСчет=40702810016436163161
Получатель=СФР по г. Москве и МО
ПолучательИНН=7703363868
НазначениеПлатежа=Страховые взносы за 07.2025
КонецДокумента
СекцияДокумент=Платежное поручение
Номер=31
Дата=29.07.2025
Сумма=56106.00
ПлательщикСчет=40702810065020711858
Плательщик=ПАО СБЕРБАНК (эквайринг)
ПлательщикИНН=7707083893
ПолучательСчет=40802810024570334692
Получатель=ИП Петров Иван Сергеевич
ПолучательИНН=770912345678
НазначениеПлатежа=Возмещение по эквайрингу по договору №ЭКВ-114/2024. НДС не облагается
КонецДокумента
СекцияДокумент=Платежное поручение
Номер=32
Дата=30.07.2025
Сумма=18203.00
ПлательщикСчет=40702810065020711858
Плательщик=ПАО СБЕРБАНК (эквайринг)
ПлательщикИНН=7707083893
ПолучательСчет=40802810024570334692
Получатель=ИП Петров Иван Сергеевич
ПолучательИНН=770912345678
НазначениеПлатежа=Возмещение по эквайрингу по договору №ЭКВ-114/2024. НДС не облагается
КонецДокумента
СекцияДокумент=Платежное поручение
Номер=33
Дата=31.07.2025
Сумма=46511.00
ПлательщикСчет=40702810065020711858
Плательщик=ПАО СБЕРБАНК (эквайринг)
ПлательщикИНН=7707083893
ПолучательСчет=40802810024570334692
Получатель=ИП Петров Иван Сергеевич
ПолучательИНН=770912345678
НазначениеПлатежа=Возмещение по эквайрингу по договору №ЭКВ-114/2024. НДС не облагается
КонецДокумента
СекцияДокумент=Платежное поручение
Номер=34
Дата=01.08.2025
Сумма=54992.00
ПлательщикСчет=40702810065020711858
Плательщик=ПАО СБЕРБАНК (эквайринг)
ПлательщикИНН=7707083893
ПолучательСчет=40802810024570334692
Получатель=ИП Петров Иван Сергеевич
ПолучательИНН=770912345678
НазначениеПлатежа=Возмещение по эквайрингу по договору №ЭКВ-114/2024. НДС не облагается
КонецДокумента
СекцияДокумент=Платежное поручение
Номер=35
Дата=03.08.2025
Сумма=95000.00
ПлательщикСчет=40802810024570334692
Плательщик=ИП Петров Иван Сергеевич
ПлательщикИНН=770912345678
ПолучательСчет=40702810535339763786
Получатель=ООО «ТЦ Меридиан»
ПолучательИНН=7719854120
НазначениеПлатежа=Оплата аренды торгового помещения за 08.2025. НДС не облагается
КонецДокумента
СекцияДокумент=Платежное поручение
Номер=36
Дата=04.08.2025
Сумма=64780.00
ПлательщикСчет=40702810065020711858
Плательщик=ПАО СБЕРБАНК (эквайринг)
ПлательщикИНН=7707083893
ПолучательСчет=40802810024570334692
Получатель=ИП Петров Иван Сергеевич
ПолучательИНН=770912345678
НазначениеПлатежа=Возмещение по эквайрингу по договору №ЭКВ-114/2024. НДС не облагается
КонецДокумента
СекцияДокумент=Платежное поручение
Номер=37
Дата=05.08.2025
Сумма=40745.00
ПлательщикСчет=40702810065020711858
Плательщик=ПАО СБЕРБАНК (эквайринг)
ПлательщикИНН=7707083893
ПолучательСчет=40802810024570334692
Получатель=ИП Петров Иван Сергеевич
ПолучательИНН=770912345678
НазначениеПлатежа=Возмещение по эквайрингу по договору №ЭКВ-114/2024. НДС не облагается
КонецДокумента
СекцияДокумент=Платежное поручение
Номер=38
Дата=05.08.2025
Сумма=10779.00
ПлательщикСчет=40802810024570334692
Плательщик=ИП Петров Иван Сергеевич
ПлательщикИНН=770912345678
ПолучательСчет=40702810509073345605
Получатель=ПАО СБЕРБАНК
ПолучательИНН=7707083893
НазначениеПлатежа=Комиссия за услуги эквайринга. НДС не облагается
КонецДокумента
СекцияДокумент=Платежное поручение
Номер=39
Дата=06.08.2025
Сумма=39592.00
ПлательщикСчет=40702810065020711858
Плательщик=ПАО СБЕРБАНК (эквайринг)
ПлательщикИНН=7707083893
ПолучательСчет=40802810024570334692
Получатель=ИП Петров Иван Сергеевич
ПолучательИНН=770912345678
НазначениеПлатежа=Возмещение по эквайрингу по договору №ЭКВ-114/2024. НДС не облагается
КонецДокумента
СекцияДокумент=Платежное поручение
Номер=40
Дата=07.08.2025
Сумма=43669.00
ПлательщикСчет=40702810065020711858
Плательщик=ПАО СБЕРБАНК (эквайринг)
ПлательщикИНН=7707083893
ПолучательСчет=40802810024570334692
Получатель=ИП Петров Иван Сергеевич
ПолучательИНН=770912345678
НазначениеПлатежа=Возмещение по эквайрингу по договору №ЭКВ-114/2024. НДС не облагается
КонецДокумента
СекцияДокумент=Платежное поручение
Номер=41
Дата=08.08.2025
Сумма=35389.00
ПлательщикСчет=40702810065020711858
Плательщик=ПАО СБЕРБАНК (эквайринг)
ПлательщикИНН=7707083893
ПолучательСчет=40802810024570334692
Получатель=ИП Петров Иван Сергеевич
ПолучательИНН=770912345678
НазначениеПлатежа=Возмещение по эквайрингу по договору №ЭКВ-114/2024. НДС не облагается
КонецДокумента
СекцияДокумент=Платежное поручение
Номер=42
Дата=10.08.2025
Сумма=21000.00
ПлательщикСчет=40802810024570334692
Плательщик=ИП Петров Иван Сергеевич
ПлательщикИНН=770912345678
ПолучательСчет=40702810430943961719
Получатель=ИП Петров И.С. // Смирнова А. В.
ПолучательИНН=
НазначениеПлатежа=Заработная плата (аванс) за 08.2025. НДФЛ удержан
КонецДокумента
СекцияДокумент=Платежное поручение
Номер=43
Дата=10.08.2025
Сумма=21000.00
ПлательщикСчет=40802810024570334692
Плательщик=ИП Петров Иван Сергеевич
ПлательщикИНН=770912345678
ПолучательСчет=40702810510033036478
Получатель=ИП Петров И.С. // Кузьмина О. Н.
ПолучательИНН=
НазначениеПлатежа=Заработная плата (аванс) за 08.2025. НДФЛ удержан
КонецДокумента
СекцияДокумент=Платежное поручение
Номер=44
Дата=11.08.2025
Сумма=39867.00
ПлательщикСчет=40702810065020711858
Плательщик=ПАО СБЕРБАНК (эквайринг)
ПлательщикИНН=7707083893
ПолучательСчет=40802810024570334692
Получатель=ИП Петров Иван Сергеевич
ПолучательИНН=770912345678
НазначениеПлатежа=Возмещение по эквайрингу по договору №ЭКВ-114/2024. НДС не облагается
КонецДокумента
СекцияДокумент=Платежное поручение
Номер=45
Дата=12.08.2025
Сумма=55149.00
ПлательщикСчет=40702810065020711858
Плательщик=ПАО СБЕРБАНК (эквайринг)
ПлательщикИНН=7707083893
ПолучательСчет=40802810024570334692
Получатель=ИП Петров Иван Сергеевич
ПолучательИНН=770912345678
НазначениеПлатежа=Возмещение по эквайрингу по договору №ЭКВ-114/2024. НДС не облагается
КонецДокумента
СекцияДокумент=Платежное поручение
Номер=46
Дата=12.08.2025
Сумма=146676.00
ПлательщикСчет=40802810024570334692
Плательщик=ИП Петров Иван Сергеевич
ПлательщикИНН=770912345678
ПолучательСчет=40702810484742594673
Получатель=ООО «Модный Дом Опт»
ПолучательИНН=7801456712
НазначениеПлатежа=Оплата по договору поставки товара №100/2025, счёт от 12.08.2025. В т.ч. НДС 20%
КонецДокумента
СекцияДокумент=Платежное поручение
Номер=47
Дата=13.08.2025
Сумма=25806.00
ПлательщикСчет=40702810065020711858
Плательщик=ПАО СБЕРБАНК (эквайринг)
ПлательщикИНН=7707083893
ПолучательСчет=40802810024570334692
Получатель=ИП Петров Иван Сергеевич
ПолучательИНН=770912345678
НазначениеПлатежа=Возмещение по эквайрингу по договору №ЭКВ-114/2024. НДС не облагается
КонецДокумента
СекцияДокумент=Платежное поручение
Номер=48
Дата=14.08.2025
Сумма=50392.00
ПлательщикСчет=40702810065020711858
Плательщик=ПАО СБЕРБАНК (эквайринг)
ПлательщикИНН=7707083893
ПолучательСчет=40802810024570334692
Получатель=ИП Петров Иван Сергеевич
ПолучательИНН=770912345678
НазначениеПлатежа=Возмещение по эквайрингу по договору №ЭКВ-114/2024. НДС не облагается
КонецДокумента
СекцияДокумент=Платежное поручение
Номер=49
Дата=15.08.2025
Сумма=63694.00
ПлательщикСчет=40702810065020711858
Плательщик=ПАО СБЕРБАНК (эквайринг)
ПлательщикИНН=7707083893
ПолучательСчет=40802810024570334692
Получатель=ИП Петров Иван Сергеевич
ПолучательИНН=770912345678
НазначениеПлатежа=Возмещение по эквайрингу по договору №ЭКВ-114/2024. НДС не облагается
КонецДокумента
СекцияДокумент=Платежное поручение
Номер=50
Дата=18.08.2025
Сумма=45238.00
ПлательщикСчет=40702810065020711858
Плательщик=ПАО СБЕРБАНК (эквайринг)
ПлательщикИНН=7707083893
ПолучательСчет=40802810024570334692
Получатель=ИП Петров Иван Сергеевич
ПолучательИНН=770912345678
НазначениеПлатежа=Возмещение по эквайрингу по договору №ЭКВ-114/2024. НДС не облагается
КонецДокумента
СекцияДокумент=Платежное поручение
Номер=51
Дата=18.08.2025
Сумма=177056.00
ПлательщикСчет=40802810024570334692
Плательщик=ИП Петров Иван Сергеевич
ПлательщикИНН=770912345678
ПолучательСчет=40702810134609705869
Получатель=ООО «Текстиль-Трейд»
ПолучательИНН=5024112233
НазначениеПлатежа=Оплата по договору поставки товара №101/2025, счёт от 18.08.2025. В т.ч. НДС 20%
КонецДокумента
СекцияДокумент=Платежное поручение
Номер=52
Дата=19.08.2025
Сумма=58390.00
ПлательщикСчет=40702810065020711858
Плательщик=ПАО СБЕРБАНК (эквайринг)
ПлательщикИНН=7707083893
ПолучательСчет=40802810024570334692
Получатель=ИП Петров Иван Сергеевич
ПолучательИНН=770912345678
НазначениеПлатежа=Возмещение по эквайрингу по договору №ЭКВ-114/2024. НДС не облагается
КонецДокумента
СекцияДокумент=Платежное поручение
Номер=53
Дата=20.08.2025
Сумма=63260.00
ПлательщикСчет=40702810065020711858
Плательщик=ПАО СБЕРБАНК (эквайринг)
ПлательщикИНН=7707083893
ПолучательСчет=40802810024570334692
Получатель=ИП Петров Иван Сергеевич
ПолучательИНН=770912345678
НазначениеПлатежа=Возмещение по эквайрингу по договору №ЭКВ-114/2024. НДС не облагается
КонецДокумента
СекцияДокумент=Платежное поручение
Номер=54
Дата=21.08.2025
Сумма=53569.00
ПлательщикСчет=40702810065020711858
Плательщик=ПАО СБЕРБАНК (эквайринг)
ПлательщикИНН=7707083893
ПолучательСчет=40802810024570334692
Получатель=ИП Петров Иван Сергеевич
ПолучательИНН=770912345678
НазначениеПлатежа=Возмещение по эквайрингу по договору №ЭКВ-114/2024. НДС не облагается
КонецДокумента
СекцияДокумент=Платежное поручение
Номер=55
Дата=22.08.2025
Сумма=44885.00
ПлательщикСчет=40702810065020711858
Плательщик=ПАО СБЕРБАНК (эквайринг)
ПлательщикИНН=7707083893
ПолучательСчет=40802810024570334692
Получатель=ИП Петров Иван Сергеевич
ПолучательИНН=770912345678
НазначениеПлатежа=Возмещение по эквайрингу по договору №ЭКВ-114/2024. НДС не облагается
КонецДокумента
СекцияДокумент=Платежное поручение
Номер=56
Дата=25.08.2025
Сумма=25297.00
ПлательщикСчет=40702810065020711858
Плательщик=ПАО СБЕРБАНК (эквайринг)
ПлательщикИНН=7707083893
ПолучательСчет=40802810024570334692
Получатель=ИП Петров Иван Сергеевич
ПолучательИНН=770912345678
НазначениеПлатежа=Возмещение по эквайрингу по договору №ЭКВ-114/2024. НДС не облагается
КонецДокумента
СекцияДокумент=Платежное поручение
Номер=57
Дата=25.08.2025
Сумма=24000.00
ПлательщикСчет=40802810024570334692
Плательщик=ИП Петров Иван Сергеевич
ПлательщикИНН=770912345678
ПолучательСчет=40702810430943961719
Получатель=ИП Петров И.С. // Смирнова А. В.
ПолучательИНН=
НазначениеПлатежа=Заработная плата (окончательный расчёт) за 08.2025. НДФЛ удержан
КонецДокумента
СекцияДокумент=Платежное поручение
Номер=58
Дата=25.08.2025
Сумма=24000.00
ПлательщикСчет=40802810024570334692
Плательщик=ИП Петров Иван Сергеевич
ПлательщикИНН=770912345678
ПолучательСчет=40702810510033036478
Получатель=ИП Петров И.С. // Кузьмина О. Н.
ПолучательИНН=
НазначениеПлатежа=Заработная плата (окончательный расчёт) за 08.2025. НДФЛ удержан
КонецДокумента
СекцияДокумент=Платежное поручение
Номер=59
Дата=26.08.2025
Сумма=57715.00
ПлательщикСчет=40702810065020711858
Плательщик=ПАО СБЕРБАНК (эквайринг)
ПлательщикИНН=7707083893
ПолучательСчет=40802810024570334692
Получатель=ИП Петров Иван Сергеевич
ПолучательИНН=770912345678
НазначениеПлатежа=Возмещение по эквайрингу по договору №ЭКВ-114/2024. НДС не облагается
КонецДокумента
СекцияДокумент=Платежное поручение
Номер=60
Дата=27.08.2025
Сумма=36684.00
ПлательщикСчет=40702810065020711858
Плательщик=ПАО СБЕРБАНК (эквайринг)
ПлательщикИНН=7707083893
ПолучательСчет=40802810024570334692
Получатель=ИП Петров Иван Сергеевич
ПолучательИНН=770912345678
НазначениеПлатежа=Возмещение по эквайрингу по договору №ЭКВ-114/2024. НДС не облагается
КонецДокумента
СекцияДокумент=Платежное поручение
Номер=61
Дата=28.08.2025
Сумма=40151.00
ПлательщикСчет=40702810065020711858
Плательщик=ПАО СБЕРБАНК (эквайринг)
ПлательщикИНН=7707083893
ПолучательСчет=40802810024570334692
Получатель=ИП Петров Иван Сергеевич
ПолучательИНН=770912345678
НазначениеПлатежа=Возмещение по эквайрингу по договору №ЭКВ-114/2024. НДС не облагается
КонецДокумента
СекцияДокумент=Платежное поручение
Номер=62
Дата=28.08.2025
Сумма=13000.00
ПлательщикСчет=40802810024570334692
Плательщик=ИП Петров Иван Сергеевич
ПлательщикИНН=770912345678
ПолучательСчет=40101810045250010041
Получатель=УФК по г. Москве (ИФНС России)
ПолучательИНН=7727406020
НазначениеПлатежа=НДФЛ с заработной платы за 08.2025
КонецДокумента
СекцияДокумент=Платежное поручение
Номер=63
Дата=28.08.2025
Сумма=27000.00
ПлательщикСчет=40802810024570334692
Плательщик=ИП Петров Иван Сергеевич
ПлательщикИНН=770912345678
ПолучательСчет=40702810016436163161
Получатель=СФР по г. Москве и МО
ПолучательИНН=7703363868
НазначениеПлатежа=Страховые взносы за 08.2025
КонецДокумента
СекцияДокумент=Платежное поручение
Номер=64
Дата=29.08.2025
Сумма=86629.00
ПлательщикСчет=40702810065020711858
Плательщик=ПАО СБЕРБАНК (эквайринг)
ПлательщикИНН=7707083893
ПолучательСчет=40802810024570334692
Получатель=ИП Петров Иван Сергеевич
ПолучательИНН=770912345678
НазначениеПлатежа=Возмещение по эквайрингу по договору №ЭКВ-114/2024. НДС не облагается
КонецДокумента
СекцияДокумент=Платежное поручение
Номер=65
Дата=01.09.2025
Сумма=45929.00
ПлательщикСчет=40702810065020711858
Плательщик=ПАО СБЕРБАНК (эквайринг)
ПлательщикИНН=7707083893
ПолучательСчет=40802810024570334692
Получатель=ИП Петров Иван Сергеевич
ПолучательИНН=770912345678
НазначениеПлатежа=Возмещение по эквайрингу по договору №ЭКВ-114/2024. НДС не облагается
КонецДокумента
СекцияДокумент=Платежное поручение
Номер=66
Дата=02.09.2025
Сумма=54429.00
ПлательщикСчет=40702810065020711858
Плательщик=ПАО СБЕРБАНК (эквайринг)
ПлательщикИНН=7707083893
ПолучательСчет=40802810024570334692
Получатель=ИП Петров Иван Сергеевич
ПолучательИНН=770912345678
НазначениеПлатежа=Возмещение по эквайрингу по договору №ЭКВ-114/2024. НДС не облагается
КонецДокумента
СекцияДокумент=Платежное поручение
Номер=67
Дата=03.09.2025
Сумма=50758.00
ПлательщикСчет=40702810065020711858
Плательщик=ПАО СБЕРБАНК (эквайринг)
ПлательщикИНН=7707083893
ПолучательСчет=40802810024570334692
Получатель=ИП Петров Иван Сергеевич
ПолучательИНН=770912345678
НазначениеПлатежа=Возмещение по эквайрингу по договору №ЭКВ-114/2024. НДС не облагается
КонецДокумента
СекцияДокумент=Платежное поручение
Номер=68
Дата=03.09.2025
Сумма=95000.00
ПлательщикСчет=40802810024570334692
Плательщик=ИП Петров Иван Сергеевич
ПлательщикИНН=770912345678
ПолучательСчет=40702810535339763786
Получатель=ООО «ТЦ Меридиан»
ПолучательИНН=7719854120
НазначениеПлатежа=Оплата аренды торгового помещения за 09.2025. НДС не облагается
КонецДокумента
СекцияДокумент=Платежное поручение
Номер=69
Дата=04.09.2025
Сумма=42874.00
ПлательщикСчет=40702810065020711858
Плательщик=ПАО СБЕРБАНК (эквайринг)
ПлательщикИНН=7707083893
ПолучательСчет=40802810024570334692
Получатель=ИП Петров Иван Сергеевич
ПолучательИНН=770912345678
НазначениеПлатежа=Возмещение по эквайрингу по договору №ЭКВ-114/2024. НДС не облагается
КонецДокумента
СекцияДокумент=Платежное поручение
Номер=70
Дата=05.09.2025
Сумма=58980.00
ПлательщикСчет=40702810065020711858
Плательщик=ПАО СБЕРБАНК (эквайринг)
ПлательщикИНН=7707083893
ПолучательСчет=40802810024570334692
Получатель=ИП Петров Иван Сергеевич
ПолучательИНН=770912345678
НазначениеПлатежа=Возмещение по эквайрингу по договору №ЭКВ-114/2024. НДС не облагается
КонецДокумента
СекцияДокумент=Платежное поручение
Номер=71
Дата=05.09.2025
Сумма=13056.00
ПлательщикСчет=40802810024570334692
Плательщик=ИП Петров Иван Сергеевич
ПлательщикИНН=770912345678
ПолучательСчет=40702810509073345605
Получатель=ПАО СБЕРБАНК
ПолучательИНН=7707083893
НазначениеПлатежа=Комиссия за услуги эквайринга. НДС не облагается
КонецДокумента
СекцияДокумент=Платежное поручение
Номер=72
Дата=08.09.2025
Сумма=49836.00
ПлательщикСчет=40702810065020711858
Плательщик=ПАО СБЕРБАНК (эквайринг)
ПлательщикИНН=7707083893
ПолучательСчет=40802810024570334692
Получатель=ИП Петров Иван Сергеевич
ПолучательИНН=770912345678
НазначениеПлатежа=Возмещение по эквайрингу по договору №ЭКВ-114/2024. НДС не облагается
КонецДокумента
СекцияДокумент=Платежное поручение
Номер=73
Дата=09.09.2025
Сумма=26285.00
ПлательщикСчет=40702810065020711858
Плательщик=ПАО СБЕРБАНК (эквайринг)
ПлательщикИНН=7707083893
ПолучательСчет=40802810024570334692
Получатель=ИП Петров Иван Сергеевич
ПолучательИНН=770912345678
НазначениеПлатежа=Возмещение по эквайрингу по договору №ЭКВ-114/2024. НДС не облагается
КонецДокумента
СекцияДокумент=Платежное поручение
Номер=74
Дата=10.09.2025
Сумма=45906.00
ПлательщикСчет=40702810065020711858
Плательщик=ПАО СБЕРБАНК (эквайринг)
ПлательщикИНН=7707083893
ПолучательСчет=40802810024570334692
Получатель=ИП Петров Иван Сергеевич
ПолучательИНН=770912345678
НазначениеПлатежа=Возмещение по эквайрингу по договору №ЭКВ-114/2024. НДС не облагается
КонецДокумента
СекцияДокумент=Платежное поручение
Номер=75
Дата=10.09.2025
Сумма=21000.00
ПлательщикСчет=40802810024570334692
Плательщик=ИП Петров Иван Сергеевич
ПлательщикИНН=770912345678
ПолучательСчет=40702810430943961719
Получатель=ИП Петров И.С. // Смирнова А. В.
ПолучательИНН=
НазначениеПлатежа=Заработная плата (аванс) за 09.2025. НДФЛ удержан
КонецДокумента
СекцияДокумент=Платежное поручение
Номер=76
Дата=10.09.2025
Сумма=21000.00
ПлательщикСчет=40802810024570334692
Плательщик=ИП Петров Иван Сергеевич
ПлательщикИНН=770912345678
ПолучательСчет=40702810510033036478
Получатель=ИП Петров И.С. // Кузьмина О. Н.
ПолучательИНН=
НазначениеПлатежа=Заработная плата (аванс) за 09.2025. НДФЛ удержан
КонецДокумента
СекцияДокумент=Платежное поручение
Номер=77
Дата=11.09.2025
Сумма=27843.00
ПлательщикСчет=40702810065020711858
Плательщик=ПАО СБЕРБАНК (эквайринг)
ПлательщикИНН=7707083893
ПолучательСчет=40802810024570334692
Получатель=ИП Петров Иван Сергеевич
ПолучательИНН=770912345678
НазначениеПлатежа=Возмещение по эквайрингу по договору №ЭКВ-114/2024. НДС не облагается
КонецДокумента
СекцияДокумент=Платежное поручение
Номер=78
Дата=12.09.2025
Сумма=52014.00
ПлательщикСчет=40702810065020711858
Плательщик=ПАО СБЕРБАНК (эквайринг)
ПлательщикИНН=7707083893
ПолучательСчет=40802810024570334692
Получатель=ИП Петров Иван Сергеевич
ПолучательИНН=770912345678
НазначениеПлатежа=Возмещение по эквайрингу по договору №ЭКВ-114/2024. НДС не облагается
КонецДокумента
СекцияДокумент=Платежное поручение
Номер=79
Дата=12.09.2025
Сумма=208872.00
ПлательщикСчет=40802810024570334692
Плательщик=ИП Петров Иван Сергеевич
ПлательщикИНН=770912345678
ПолучательСчет=40702810484742594673
Получатель=ООО «Модный Дом Опт»
ПолучательИНН=7801456712
НазначениеПлатежа=Оплата по договору поставки товара №100/2025, счёт от 12.09.2025. В т.ч. НДС 20%
КонецДокумента
СекцияДокумент=Платежное поручение
Номер=80
Дата=15.09.2025
Сумма=53007.00
ПлательщикСчет=40702810065020711858
Плательщик=ПАО СБЕРБАНК (эквайринг)
ПлательщикИНН=7707083893
ПолучательСчет=40802810024570334692
Получатель=ИП Петров Иван Сергеевич
ПолучательИНН=770912345678
НазначениеПлатежа=Возмещение по эквайрингу по договору №ЭКВ-114/2024. НДС не облагается
КонецДокумента
СекцияДокумент=Платежное поручение
Номер=81
Дата=16.09.2025
Сумма=50322.00
ПлательщикСчет=40702810065020711858
Плательщик=ПАО СБЕРБАНК (эквайринг)
ПлательщикИНН=7707083893
ПолучательСчет=40802810024570334692
Получатель=ИП Петров Иван Сергеевич
ПолучательИНН=770912345678
НазначениеПлатежа=Возмещение по эквайрингу по договору №ЭКВ-114/2024. НДС не облагается
КонецДокумента
СекцияДокумент=Платежное поручение
Номер=82
Дата=17.09.2025
Сумма=44893.00
ПлательщикСчет=40702810065020711858
Плательщик=ПАО СБЕРБАНК (эквайринг)
ПлательщикИНН=7707083893
ПолучательСчет=40802810024570334692
Получатель=ИП Петров Иван Сергеевич
ПолучательИНН=770912345678
НазначениеПлатежа=Возмещение по эквайрингу по договору №ЭКВ-114/2024. НДС не облагается
КонецДокумента
СекцияДокумент=Платежное поручение
Номер=83
Дата=18.09.2025
Сумма=62715.00
ПлательщикСчет=40702810065020711858
Плательщик=ПАО СБЕРБАНК (эквайринг)
ПлательщикИНН=7707083893
ПолучательСчет=40802810024570334692
Получатель=ИП Петров Иван Сергеевич
ПолучательИНН=770912345678
НазначениеПлатежа=Возмещение по эквайрингу по договору №ЭКВ-114/2024. НДС не облагается
КонецДокумента
СекцияДокумент=Платежное поручение
Номер=84
Дата=18.09.2025
Сумма=231469.00
ПлательщикСчет=40802810024570334692
Плательщик=ИП Петров Иван Сергеевич
ПлательщикИНН=770912345678
ПолучательСчет=40702810134609705869
Получатель=ООО «Текстиль-Трейд»
ПолучательИНН=5024112233
НазначениеПлатежа=Оплата по договору поставки товара №101/2025, счёт от 18.09.2025. В т.ч. НДС 20%
КонецДокумента
СекцияДокумент=Платежное поручение
Номер=85
Дата=19.09.2025
Сумма=65965.00
ПлательщикСчет=40702810065020711858
Плательщик=ПАО СБЕРБАНК (эквайринг)
ПлательщикИНН=7707083893
ПолучательСчет=40802810024570334692
Получатель=ИП Петров Иван Сергеевич
ПолучательИНН=770912345678
НазначениеПлатежа=Возмещение по эквайрингу по договору №ЭКВ-114/2024. НДС не облагается
КонецДокумента
СекцияДокумент=Платежное поручение
Номер=86
Дата=22.09.2025
Сумма=48051.00
ПлательщикСчет=40702810065020711858
Плательщик=ПАО СБЕРБАНК (эквайринг)
ПлательщикИНН=7707083893
ПолучательСчет=40802810024570334692
Получатель=ИП Петров Иван Сергеевич
ПолучательИНН=770912345678
НазначениеПлатежа=Возмещение по эквайрингу по договору №ЭКВ-114/2024. НДС не облагается
КонецДокумента
СекцияДокумент=Платежное поручение
Номер=87
Дата=23.09.2025
Сумма=57097.00
ПлательщикСчет=40702810065020711858
Плательщик=ПАО СБЕРБАНК (эквайринг)
ПлательщикИНН=7707083893
ПолучательСчет=40802810024570334692
Получатель=ИП Петров Иван Сергеевич
ПолучательИНН=770912345678
НазначениеПлатежа=Возмещение по эквайрингу по договору №ЭКВ-114/2024. НДС не облагается
КонецДокумента
СекцияДокумент=Платежное поручение
Номер=88
Дата=24.09.2025
Сумма=63166.00
ПлательщикСчет=40702810065020711858
Плательщик=ПАО СБЕРБАНК (эквайринг)
ПлательщикИНН=7707083893
ПолучательСчет=40802810024570334692
Получатель=ИП Петров Иван Сергеевич
ПолучательИНН=770912345678
НазначениеПлатежа=Возмещение по эквайрингу по договору №ЭКВ-114/2024. НДС не облагается
КонецДокумента
СекцияДокумент=Платежное поручение
Номер=89
Дата=25.09.2025
Сумма=61719.00
ПлательщикСчет=40702810065020711858
Плательщик=ПАО СБЕРБАНК (эквайринг)
ПлательщикИНН=7707083893
ПолучательСчет=40802810024570334692
Получатель=ИП Петров Иван Сергеевич
ПолучательИНН=770912345678
НазначениеПлатежа=Возмещение по эквайрингу по договору №ЭКВ-114/2024. НДС не облагается
КонецДокумента
СекцияДокумент=Платежное поручение
Номер=90
Дата=25.09.2025
Сумма=24000.00
ПлательщикСчет=40802810024570334692
Плательщик=ИП Петров Иван Сергеевич
ПлательщикИНН=770912345678
ПолучательСчет=40702810430943961719
Получатель=ИП Петров И.С. // Смирнова А. В.
ПолучательИНН=
НазначениеПлатежа=Заработная плата (окончательный расчёт) за 09.2025. НДФЛ удержан
КонецДокумента
СекцияДокумент=Платежное поручение
Номер=91
Дата=25.09.2025
Сумма=24000.00
ПлательщикСчет=40802810024570334692
Плательщик=ИП Петров Иван Сергеевич
ПлательщикИНН=770912345678
ПолучательСчет=40702810510033036478
Получатель=ИП Петров И.С. // Кузьмина О. Н.
ПолучательИНН=
НазначениеПлатежа=Заработная плата (окончательный расчёт) за 09.2025. НДФЛ удержан
КонецДокумента
СекцияДокумент=Платежное поручение
Номер=92
Дата=25.09.2025
Сумма=62000.00
ПлательщикСчет=40802810024570334692
Плательщик=ИП Петров Иван Сергеевич
ПлательщикИНН=770912345678
ПолучательСчет=40101810045250010041
Получатель=УФК по г. Москве (ИФНС России)
ПолучательИНН=7727406020
НазначениеПлатежа=Авансовый платёж по УСН (доходы, 6%) за отчётный квартал
КонецДокумента
СекцияДокумент=Платежное поручение
Номер=93
Дата=26.09.2025
Сумма=31523.00
ПлательщикСчет=40702810065020711858
Плательщик=ПАО СБЕРБАНК (эквайринг)
ПлательщикИНН=7707083893
ПолучательСчет=40802810024570334692
Получатель=ИП Петров Иван Сергеевич
ПолучательИНН=770912345678
НазначениеПлатежа=Возмещение по эквайрингу по договору №ЭКВ-114/2024. НДС не облагается
КонецДокумента
СекцияДокумент=Платежное поручение
Номер=94
Дата=28.09.2025
Сумма=13000.00
ПлательщикСчет=40802810024570334692
Плательщик=ИП Петров Иван Сергеевич
ПлательщикИНН=770912345678
ПолучательСчет=40101810045250010041
Получатель=УФК по г. Москве (ИФНС России)
ПолучательИНН=7727406020
НазначениеПлатежа=НДФЛ с заработной платы за 09.2025
КонецДокумента
СекцияДокумент=Платежное поручение
Номер=95
Дата=28.09.2025
Сумма=27000.00
ПлательщикСчет=40802810024570334692
Плательщик=ИП Петров Иван Сергеевич
ПлательщикИНН=770912345678
ПолучательСчет=40702810016436163161
Получатель=СФР по г. Москве и МО
ПолучательИНН=7703363868
НазначениеПлатежа=Страховые взносы за 09.2025
КонецДокумента
СекцияДокумент=Платежное поручение
Номер=96
Дата=29.09.2025
Сумма=34229.00
ПлательщикСчет=40702810065020711858
Плательщик=ПАО СБЕРБАНК (эквайринг)
ПлательщикИНН=7707083893
ПолучательСчет=40802810024570334692
Получатель=ИП Петров Иван Сергеевич
ПолучательИНН=770912345678
НазначениеПлатежа=Возмещение по эквайрингу по договору №ЭКВ-114/2024. НДС не облагается
КонецДокумента
СекцияДокумент=Платежное поручение
Номер=97
Дата=30.09.2025
Сумма=33816.00
ПлательщикСчет=40702810065020711858
Плательщик=ПАО СБЕРБАНК (эквайринг)
ПлательщикИНН=7707083893
ПолучательСчет=40802810024570334692
Получатель=ИП Петров Иван Сергеевич
ПолучательИНН=770912345678
НазначениеПлатежа=Возмещение по эквайрингу по договору №ЭКВ-114/2024. НДС не облагается
КонецДокумента
КонецФайла
