1CClientBankExchange
ВерсияФормата=1.03
Кодировка=Windows
Отправитель=ПАО СБЕРБАНК
Получатель=
ДатаСоздания=31.03.2025
ВремяСоздания=18:00:00
ДатаНачала=01.01.2025
ДатаКонца=31.03.2025
РасчСчет=40802810024570334692
СекцияРасчСчет
ДатаНачала=01.01.2025
ДатаКонца=31.03.2025
РасчСчет=40802810024570334692
НачальныйОстаток=250000.00
КонецРасчСчет
СекцияДокумент=Платежное поручение
Номер=1
Дата=01.01.2025
Сумма=50067.00
ПлательщикСчет=40702810065020711858
Плательщик=ПАО СБЕРБАНК (эквайринг)
ПлательщикИНН=7707083893
ПолучательСчет=40802810024570334692
Получатель=ИП Петров Иван Сергеевич
ПолучательИНН=770912345678
НазначениеПлатежа=Возмещение по эквайрингу по договору №ЭКВ-114/2024. НДС не облагается
КонецДокумента
СекцияДокумент=Платежное поручение
Номер=2
Дата=02.01.2025
Сумма=52100.00
ПлательщикСчет=40702810065020711858
Плательщик=ПАО СБЕРБАНК (эквайринг)
ПлательщикИНН=7707083893
ПолучательСчет=40802810024570334692
Получатель=ИП Петров Иван Сергеевич
ПолучательИНН=770912345678
НазначениеПлатежа=Возмещение по эквайрингу по договору №ЭКВ-114/2024. НДС не облагается
КонецДокумента
СекцияДокумент=Платежное поручение
Номер=3
Дата=03.01.2025
Сумма=36755.00
ПлательщикСчет=40702810065020711858
Плательщик=ПАО СБЕРБАНК (эквайринг)
ПлательщикИНН=7707083893
ПолучательСчет=40802810024570334692
Получатель=ИП Петров Иван Сергеевич
ПолучательИНН=770912345678
НазначениеПлатежа=Возмещение по эквайрингу по договору №ЭКВ-114/2024. НДС не облагается
КонецДокумента
СекцияДокумент=Платежное поручение
Номер=4
Дата=03.01.2025
Сумма=95000.00
ПлательщикСчет=40802810024570334692
Плательщик=ИП Петров Иван Сергеевич
ПлательщикИНН=770912345678
ПолучательСчет=40702810535339763786
Получатель=ООО «ТЦ Меридиан»
ПолучательИНН=7719854120
НазначениеПлатежа=Оплата аренды торгового помещения за 01.2025. НДС не облагается
КонецДокумента
СекцияДокумент=Платежное поручение
Номер=5
Дата=05.01.2025
Сумма=10333.00
ПлательщикСчет=40802810024570334692
Плательщик=ИП Петров Иван Сергеевич
ПлательщикИНН=770912345678
ПолучательСчет=40702810509073345605
Получатель=ПАО СБЕРБАНК
ПолучательИНН=7707083893
НазначениеПлатежа=Комиссия за услуги эквайринга. НДС не облагается
КонецДокумента
СекцияДокумент=Платежное поручение
Номер=6
Дата=06.01.2025
Сумма=21540.00
ПлательщикСчет=40702810065020711858
Плательщик=ПАО СБЕРБАНК (эквайринг)
ПлательщикИНН=7707083893
ПолучательСчет=40802810024570334692
Получатель=ИП Петров Иван Сергеевич
ПолучательИНН=770912345678
НазначениеПлатежа=Возмещение по эквайрингу по договору №ЭКВ-114/2024. НДС не облагается
КонецДокумента
СекцияДокумент=Платежное поручение
Номер=7
Дата=07.01.2025
Сумма=61056.00
ПлательщикСчет=40702810065020711858
Плательщик=ПАО СБЕРБАНК (эквайринг)
ПлательщикИНН=7707083893
ПолучательСчет=40802810024570334692
Получатель=ИП Петров Иван Сергеевич
ПолучательИНН=770912345678
НазначениеПлатежа=Возмещение по эквайрингу по договору №ЭКВ-114/2024. НДС не облагается
КонецДокумента
СекцияДокумент=Платежное поручение
Номер=8
Дата=08.01.2025
Сумма=55470.00
ПлательщикСчет=40702810065020711858
Плательщик=ПАО СБЕРБАНК (эквайринг)
ПлательщикИНН=7707083893
ПолучательСчет=40802810024570334692
Получатель=ИП Петров Иван Сергеевич
ПолучательИНН=770912345678
НазначениеПлатежа=Возмещение по эквайрингу по договору №ЭКВ-114/2024. НДС не облагается
КонецДокумента
СекцияДокумент=Платежное поручение
Номер=9
Дата=09.01.2025
Сумма=62619.00
ПлательщикСчет=40702810065020711858
Плательщик=ПАО СБЕРБАНК (эквайринг)
ПлательщикИНН=7707083893
ПолучательСчет=40802810024570334692
Получатель=ИП Петров Иван Сергеевич
ПолучательИНН=770912345678
НазначениеПлатежа=Возмещение по эквайрингу по договору №ЭКВ-114/2024. НДС не облагается
КонецДокумента
СекцияДокумент=Платежное поручение
Номер=10
Дата=10.01.2025
Сумма=31684.00
ПлательщикСчет=40702810065020711858
Плательщик=ПАО СБЕРБАНК (эквайринг)
ПлательщикИНН=7707083893
ПолучательСчет=40802810024570334692
Получатель=ИП Петров Иван Сергеевич
ПолучательИНН=770912345678
НазначениеПлатежа=Возмещение по эквайрингу по договору №ЭКВ-114/2024. НДС не облагается
КонецДокумента
СекцияДокумент=Платежное поручение
Номер=11
Дата=10.01.2025
Сумма=21000.00
ПлательщикСчет=40802810024570334692
Плательщик=ИП Петров Иван Сергеевич
ПлательщикИНН=770912345678
ПолучательСчет=40702810430943961719
Получатель=ИП Петров И.С. // Смирнова А. В.
ПолучательИНН=
НазначениеПлатежа=Заработная плата (аванс) за 01.2025. НДФЛ удержан
КонецДокумента
СекцияДокумент=Платежное поручение
Номер=12
Дата=10.01.2025
Сумма=21000.00
ПлательщикСчет=40802810024570334692
Плательщик=ИП Петров Иван Сергеевич
ПлательщикИНН=770912345678
ПолучательСчет=40702810510033036478
Получатель=ИП Петров И.С. // Кузьмина О. Н.
ПолучательИНН=
НазначениеПлатежа=Заработная плата (аванс) за 01.2025. НДФЛ удержан
КонецДокумента
СекцияДокумент=Платежное поручение
Номер=13
Дата=12.01.2025
Сумма=241562.00
ПлательщикСчет=40802810024570334692
Плательщик=ИП Петров Иван Сергеевич
ПлательщикИНН=770912345678
ПолучательСчет=40702810484742594673
Получатель=ООО «Модный Дом Опт»
ПолучательИНН=7801456712
НазначениеПлатежа=Оплата по договору поставки товара №100/2025, счёт от 12.01.2025. В т.ч. НДС 20%
КонецДокумента
СекцияДокумент=Платежное поручение
Номер=14
Дата=13.01.2025
Сумма=25325.00
ПлательщикСчет=40702810065020711858
Плательщик=ПАО СБЕРБАНК (эквайринг)
ПлательщикИНН=7707083893
ПолучательСчет=40802810024570334692
Получатель=ИП Петров Иван Сергеевич
ПолучательИНН=770912345678
НазначениеПлатежа=Возмещение по эквайрингу по договору №ЭКВ-114/2024. НДС не облагается
КонецДокумента
СекцияДокумент=Платежное поручение
Номер=15
Дата=14.01.2025
Сумма=60376.00
ПлательщикСчет=40702810065020711858
Плательщик=ПАО СБЕРБАНК (эквайринг)
ПлательщикИНН=7707083893
ПолучательСчет=40802810024570334692
Получатель=ИП Петров Иван Сергеевич
ПолучательИНН=770912345678
НазначениеПлатежа=Возмещение по эквайрингу по договору №ЭКВ-114/2024. НДС не облагается
КонецДокумента
СекцияДокумент=Платежное поручение
Номер=16
Дата=15.01.2025
Сумма=39348.00
ПлательщикСчет=40702810065020711858
Плательщик=ПАО СБЕРБАНК (эквайринг)
ПлательщикИНН=7707083893
ПолучательСчет=40802810024570334692
Получатель=ИП Петров Иван Сергеевич
ПолучательИНН=770912345678
НазначениеПлатежа=Возмещение по эквайрингу по договору №ЭКВ-114/2024. НДС не облагается
КонецДокумента
СекцияДокумент=Платежное поручение
Номер=17
Дата=16.01.2025
Сумма=62586.00
ПлательщикСчет=40702810065020711858
Плательщик=ПАО СБЕРБАНК (эквайринг)
ПлательщикИНН=7707083893
ПолучательСчет=40802810024570334692
Получатель=ИП Петров Иван Сергеевич
ПолучательИНН=770912345678
НазначениеПлатежа=Возмещение по эквайрингу по договору №ЭКВ-114/2024. НДС не облагается
КонецДокумента
СекцияДокумент=Платежное поручение
Номер=18
Дата=17.01.2025
Сумма=35333.00
ПлательщикСчет=40702810065020711858
Плательщик=ПАО СБЕРБАНК (эквайринг)
ПлательщикИНН=7707083893
ПолучательСчет=40802810024570334692
Получатель=ИП Петров Иван Сергеевич
ПолучательИНН=770912345678
НазначениеПлатежа=Возмещение по эквайрингу по договору №ЭКВ-114/2024. НДС не облагается
КонецДокумента
СекцияДокумент=Платежное поручение
Номер=19
Дата=18.01.2025
Сумма=227088.00
ПлательщикСчет=40802810024570334692
Плательщик=ИП Петров Иван Сергеевич
ПлательщикИНН=770912345678
ПолучательСчет=40702810134609705869
Получатель=ООО «Текстиль-Трейд»
ПолучательИНН=5024112233
НазначениеПлатежа=Оплата по договору поставки товара №101/2025, счёт от 18.01.2025. В т.ч. НДС 20%
КонецДокумента
СекцияДокумент=Платежное поручение
Номер=20
Дата=20.01.2025
Сумма=58267.00
ПлательщикСчет=40702810065020711858
Плательщик=ПАО СБЕРБАНК (эквайринг)
ПлательщикИНН=7707083893
ПолучательСчет=40802810024570334692
Получатель=ИП Петров Иван Сергеевич
ПолучательИНН=770912345678
НазначениеПлатежа=Возмещение по эквайрингу по договору №ЭКВ-114/2024. НДС не облагается
КонецДокумента
СекцияДокумент=Платежное поручение
Номер=21
Дата=21.01.2025
Сумма=58078.00
ПлательщикСчет=40702810065020711858
Плательщик=ПАО СБЕРБАНК (эквайринг)
ПлательщикИНН=7707083893
ПолучательСчет=40802810024570334692
Получатель=ИП Петров Иван Сергеевич
ПолучательИНН=770912345678
НазначениеПлатежа=Возмещение по эквайрингу по договору №ЭКВ-114/2024. НДС не облагается
КонецДокумента
СекцияДокумент=Платежное поручение
Номер=22
Дата=22.01.2025
Сумма=25748.00
ПлательщикСчет=40702810065020711858
Плательщик=ПАО СБЕРБАНК (эквайринг)
ПлательщикИНН=7707083893
ПолучательСчет=40802810024570334692
Получатель=ИП Петров Иван Сергеевич
ПолучательИНН=770912345678
НазначениеПлатежа=Возмещение по эквайрингу по договору №ЭКВ-114/2024. НДС не облагается
КонецДокумента
СекцияДокумент=Платежное поручение
Номер=23
Дата=23.01.2025
Сумма=21497.00
ПлательщикСчет=40702810065020711858
Плательщик=ПАО СБЕРБАНК (эквайринг)
ПлательщикИНН=7707083893
ПолучательСчет=40802810024570334692
Получатель=ИП Петров Иван Сергеевич
ПолучательИНН=770912345678
НазначениеПлатежа=Возмещение по эквайрингу по договору №ЭКВ-114/2024. НДС не облагается
КонецДокумента
СекцияДокумент=Платежное поручение
Номер=24
Дата=24.01.2025
Сумма=39173.00
ПлательщикСчет=40702810065020711858
Плательщик=ПАО СБЕРБАНК (эквайринг)
ПлательщикИНН=7707083893
ПолучательСчет=40802810024570334692
Получатель=ИП Петров Иван Сергеевич
ПолучательИНН=770912345678
НазначениеПлатежа=Возмещение по эквайрингу по договору №ЭКВ-114/2024. НДС не облагается
КонецДокумента
СекцияДокумент=Платежное поручение
Номер=25
Дата=25.01.2025
Сумма=24000.00
ПлательщикСчет=40802810024570334692
Плательщик=ИП Петров Иван Сергеевич
ПлательщикИНН=770912345678
ПолучательСчет=40702810430943961719
Получатель=ИП Петров И.С. // Смирнова А. В.
ПолучательИНН=
НазначениеПлатежа=Заработная плата (окончательный расчёт) за 01.2025. НДФЛ удержан
КонецДокумента
СекцияДокумент=Платежное поручение
Номер=26
Дата=25.01.2025
Сумма=24000.00
ПлательщикСчет=40802810024570334692
Плательщик=ИП Петров Иван Сергеевич
ПлательщикИНН=770912345678
ПолучательСчет=40702810510033036478
Получатель=ИП Петров И.С. // Кузьмина О. Н.
ПолучательИНН=
НазначениеПлатежа=Заработная плата (окончательный расчёт) за 01.2025. НДФЛ удержан
КонецДокумента
СекцияДокумент=Платежное поручение
Номер=27
Дата=27.01.2025
Сумма=45259.00
ПлательщикСчет=40702810065020711858
Плательщик=ПАО СБЕРБАНК (эквайринг)
ПлательщикИНН=7707083893
ПолучательСчет=40802810024570334692
Получатель=ИП Петров Иван Сергеевич
ПолучательИНН=770912345678
НазначениеПлатежа=Возмещение по эквайрингу по договору №ЭКВ-114/2024. НДС не облагается
КонецДокумента
СекцияДокумент=Платежное поручение
Номер=28
Дата=28.01.2025
Сумма=25532.00
ПлательщикСчет=40702810065020711858
Плательщик=ПАО СБЕРБАНК (эквайринг)
ПлательщикИНН=7707083893
ПолучательСчет=40802810024570334692
Получатель=ИП Петров Иван Сергеевич
ПолучательИНН=770912345678
НазначениеПлатежа=Возмещение по эквайрингу по договору №ЭКВ-114/2024. НДС не облагается
КонецДокумента
СекцияДокумент=Платежное поручение
Номер=29
Дата=28.01.2025
Сумма=13000.00
ПлательщикСчет=40802810024570334692
Плательщик=ИП Петров Иван Сергеевич
ПлательщикИНН=770912345678
ПолучательСчет=40101810045250010041
Получатель=УФК по г. Москве (ИФНС России)
ПолучательИНН=7727406020
НазначениеПлатежа=НДФЛ с заработной платы за 01.2025
КонецДокумента
СекцияДокумент=Платежное поручение
Номер=30
Дата=28.01.2025
Сумма=27000.00
ПлательщикСчет=40802810024570334692
Плательщик=ИП Петров Иван Сергеевич
ПлательщикИНН=770912345678
ПолучательСчет=40702810016436163161
Получатель=СФР по г. Москве и МО
ПолучательИНН=7703363868
НазначениеПлатежа=Страховые взносы за 01.2025
КонецДокумента
СекцияДокумент=Платежное поручение
Номер=31
Дата=29.01.2025
Сумма=18192.00
ПлательщикСчет=40702810065020711858
Плательщик=ПАО СБЕРБАНК (эквайринг)
ПлательщикИНН=7707083893
ПолучательСчет=40802810024570334692
Получатель=ИП Петров Иван Сергеевич
ПолучательИНН=770912345678
НазначениеПлатежа=Возмещение по эквайрингу по договору №ЭКВ-114/2024. НДС не облагается
КонецДокумента
СекцияДокумент=Платежное поручение
Номер=32
Дата=30.01.2025
Сумма=36284.00
ПлательщикСчет=40702810065020711858
Плательщик=ПАО СБЕРБАНК (эквайринг)
ПлательщикИНН=7707083893
ПолучательСчет=40802810024570334692
Получатель=ИП Петров Иван Сергеевич
ПолучательИНН=770912345678
НазначениеПлатежа=Возмещение по эквайрингу по договору №ЭКВ-114/2024. НДС не облагается
КонецДокумента
СекцияДокумент=Платежное поручение
Номер=33
Дата=31.01.2025
Сумма=78759.00
ПлательщикСчет=40702810065020711858
Плательщик=ПАО СБЕРБАНК (эквайринг)
ПлательщикИНН=7707083893
ПолучательСчет=40802810024570334692
Получатель=ИП Петров Иван Сергеевич
ПолучательИНН=770912345678
НазначениеПлатежа=Возмещение по эквайрингу по договору №ЭКВ-114/2024. НДС не облагается
КонецДокумента
СекцияДокумент=Платежное поручение
Номер=34
Дата=03.02.2025
Сумма=61626.00
ПлательщикСчет=40702810065020711858
Плательщик=ПАО СБЕРБАНК (эквайринг)
ПлательщикИНН=7707083893
ПолучательСчет=40802810024570334692
Получатель=ИП Петров Иван Сергеевич
ПолучательИНН=770912345678
НазначениеПлатежа=Возмещение по эквайрингу по договору №ЭКВ-114/2024. НДС не облагается
КонецДокумента
СекцияДокумент=Платежное поручение
Номер=35
Дата=03.02.2025
Сумма=95000.00
ПлательщикСчет=40802810024570334692
Плательщик=ИП Петров Иван Сергеевич
ПлательщикИНН=770912345678
ПолучательСчет=40702810535339763786
Получатель=ООО «ТЦ Меридиан»
ПолучательИНН=7719854120
НазначениеПлатежа=Оплата аренды торгового помещения за 02.2025. НДС не облагается
КонецДокумента
СекцияДокумент=Платежное поручение
Номер=36
Дата=04.02.2025
Сумма=47541.00
ПлательщикСчет=40702810065020711858
Плательщик=ПАО СБЕРБАНК (эквайринг)
ПлательщикИНН=7707083893
ПолучательСчет=40802810024570334692
Получатель=ИП Петров Иван Сергеевич
ПолучательИНН=770912345678
НазначениеПлатежа=Возмещение по эквайрингу по договору №ЭКВ-114/2024. НДС не облагается
КонецДокумента
СекцияДокумент=Платежное поручение
Номер=37
Дата=05.02.2025
Сумма=48988.00
ПлательщикСчет=40702810065020711858
Плательщик=ПАО СБЕРБАНК (эквайринг)
ПлательщикИНН=7707083893
ПолучательСчет=40802810024570334692
Получатель=ИП Петров Иван Сергеевич
ПолучательИНН=770912345678
НазначениеПлатежа=Возмещение по эквайрингу по договору №ЭКВ-114/2024. НДС не облагается
КонецДокумента
СекцияДокумент=Платежное поручение
Номер=38
Дата=05.02.2025
Сумма=9399.00
ПлательщикСчет=40802810024570334692
Плательщик=ИП Петров Иван Сергеевич
ПлательщикИНН=770912345678
ПолучательСчет=40702810509073345605
Получатель=ПАО СБЕРБАНК
ПолучательИНН=7707083893
НазначениеПлатежа=Комиссия за услуги эквайринга. НДС не облагается
КонецДокумента
СекцияДокумент=Платежное поручение
Номер=39
Дата=06.02.2025
Сумма=40778.00
ПлательщикСчет=40702810065020711858
Плательщик=ПАО СБЕРБАНК (эквайринг)
ПлательщикИНН=7707083893
ПолучательСчет=40802810024570334692
Получатель=ИП Петров Иван Сергеевич
ПолучательИНН=770912345678
НазначениеПлатежа=Возмещение по эквайрингу по договору №ЭКВ-114/2024. НДС не облагается
КонецДокумента
СекцияДокумент=Платежное поручение
Номер=40
Дата=07.02.2025
Сумма=36246.00
ПлательщикСчет=40702810065020711858
Плательщик=ПАО СБЕРБАНК (эквайринг)
ПлательщикИНН=7707083893
ПолучательСчет=40802810024570334692
Получатель=ИП Петров Иван Сергеевич
ПолучательИНН=770912345678
НазначениеПлатежа=Возмещение по эквайрингу по договору №ЭКВ-114/2024. НДС не облагается
КонецДокумента
СекцияДокумент=Платежное поручение
Номер=41
Дата=10.02.2025
Сумма=55259.00
ПлательщикСчет=40702810065020711858
Плательщик=ПАО СБЕРБАНК (эквайринг)
ПлательщикИНН=7707083893
ПолучательСчет=40802810024570334692
Получатель=ИП Петров Иван Сергеевич
ПолучательИНН=770912345678
НазначениеПлатежа=Возмещение по эквайрингу по договору №ЭКВ-114/2024. НДС не облагается
КонецДокумента
СекцияДокумент=Платежное поручение
Номер=42
Дата=10.02.2025
Сумма=21000.00
ПлательщикСчет=40802810024570334692
Плательщик=ИП Петров Иван Сергеевич
ПлательщикИНН=770912345678
ПолучательСчет=40702810430943961719
Получатель=ИП Петров И.С. // Смирнова А. В.
ПолучательИНН=
НазначениеПлатежа=Заработная плата (аванс) за 02.2025. НДФЛ удержан
КонецДокумента
СекцияДокумент=Платежное поручение
Номер=43
Дата=10.02.2025
Сумма=21000.00
ПлательщикСчет=40802810024570334692
Плательщик=ИП Петров Иван Сергеевич
ПлательщикИНН=770912345678
ПолучательСчет=40702810510033036478
Получатель=ИП Петров И.С. // Кузьмина О. Н.
ПолучательИНН=
НазначениеПлатежа=Заработная плата (аванс) за 02.2025. НДФЛ удержан
КонецДокумента
СекцияДокумент=Платежное поручение
Номер=44
Дата=11.02.2025
Сумма=23052.00
ПлательщикСчет=40702810065020711858
Плательщик=ПАО СБЕРБАНК (эквайринг)
ПлательщикИНН=7707083893
ПолучательСчет=40802810024570334692
Получатель=ИП Петров Иван Сергеевич
ПолучательИНН=770912345678
НазначениеПлатежа=Возмещение по эквайрингу по договору №ЭКВ-114/2024. НДС не облагается
КонецДокумента
СекцияДокумент=Платежное поручение
Номер=45
Дата=12.02.2025
Сумма=48284.00
ПлательщикСчет=40702810065020711858
Плательщик=ПАО СБЕРБАНК (эквайринг)
ПлательщикИНН=7707083893
ПолучательСчет=40802810024570334692
Получатель=ИП Петров Иван Сергеевич
ПолучательИНН=770912345678
НазначениеПлатежа=Возмещение по эквайрингу по договору №ЭКВ-114/2024. НДС не облагается
КонецДокумента
СекцияДокумент=Платежное поручение
Номер=46
Дата=12.02.2025
Сумма=202540.00
ПлательщикСчет=40802810024570334692
Плательщик=ИП Петров Иван Сергеевич
ПлательщикИНН=770912345678
ПолучательСчет=40702810484742594673
Получатель=ООО «Модный Дом Опт»
ПолучательИНН=7801456712
НазначениеПлатежа=Оплата по договору поставки товара №100/2025, счёт от 12.02.2025. В т.ч. НДС 20%
КонецДокумента
СекцияДокумент=Платежное поручение
Номер=47
Дата=13.02.2025
Сумма=27414.00
ПлательщикСчет=40702810065020711858
Плательщик=ПАО СБЕРБАНК (эквайринг)
ПлательщикИНН=7707083893
ПолучательСчет=40802810024570334692
Получатель=ИП Петров Иван Сергеевич
ПолучательИНН=770912345678
НазначениеПлатежа=Возмещение по эквайрингу по договору №ЭКВ-114/2024. НДС не облагается
КонецДокумента
СекцияДокумент=Платежное поручение
Номер=48
Дата=14.02.2025
Сумма=80612.00
ПлательщикСчет=40702810065020711858
Плательщик=ПАО СБЕРБАНК (эквайринг)
ПлательщикИНН=7707083893
ПолучательСчет=40802810024570334692
Получатель=ИП Петров Иван Сергеевич
ПолучательИНН=770912345678
НазначениеПлатежа=Возмещение по эквайрингу по договору №ЭКВ-114/2024. НДС не облагается
КонецДокумента
СекцияДокумент=Платежное поручение
Номер=49
Дата=17.02.2025
Сумма=18356.00
ПлательщикСчет=40702810065020711858
Плательщик=ПАО СБЕРБАНК (эквайринг)
ПлательщикИНН=7707083893
ПолучательСчет=40802810024570334692
Получатель=ИП Петров Иван Сергеевич
ПолучательИНН=770912345678
НазначениеПлатежа=Возмещение по эквайрингу по договору №ЭКВ-114/2024. НДС не облагается
КонецДокумента
СекцияДокумент=Платежное поручение
Номер=50
Дата=18.02.2025
Сумма=21575.00
ПлательщикСчет=40702810065020711858
Плательщик=ПАО СБЕРБАНК (эквайринг)
ПлательщикИНН=7707083893
ПолучательСчет=40802810024570334692
Получатель=ИП Петров Иван Сергеевич
ПолучательИНН=770912345678
НазначениеПлатежа=Возмещение по эквайрингу по договору №ЭКВ-114/2024. НДС не облагается
КонецДокумента
СекцияДокумент=Платежное поручение
Номер=51
Дата=18.02.2025
Сумма=177055.00
ПлательщикСчет=40802810024570334692
Плательщик=ИП Петров Иван Сергеевич
ПлательщикИНН=770912345678
ПолучательСчет=40702810134609705869
Получатель=ООО «Текстиль-Трейд»
ПолучательИНН=5024112233
НазначениеПлатежа=Оплата по договору поставки товара №101/2025, счёт от 18.02.2025. В т.ч. НДС 20%
КонецДокумента
СекцияДокумент=Платежное поручение
Номер=52
Дата=19.02.2025
Сумма=24059.00
ПлательщикСчет=40702810065020711858
Плательщик=ПАО СБЕРБАНК (эквайринг)
ПлательщикИНН=7707083893
ПолучательСчет=40802810024570334692
Получатель=ИП Петров Иван Сергеевич
ПолучательИНН=770912345678
НазначениеПлатежа=Возмещение по эквайрингу по договору №ЭКВ-114/2024. НДС не облагается
КонецДокумента
СекцияДокумент=Платежное поручение
Номер=53
Дата=20.02.2025
Сумма=48015.00
ПлательщикСчет=40702810065020711858
Плательщик=ПАО СБЕРБАНК (эквайринг)
ПлательщикИНН=7707083893
ПолучательСчет=40802810024570334692
Получатель=ИП Петров Иван Сергеевич
ПолучательИНН=770912345678
НазначениеПлатежа=Возмещение по эквайрингу по договору №ЭКВ-114/2024. НДС не облагается
КонецДокумента
СекцияДокумент=Платежное поручение
Номер=54
Дата=21.02.2025
Сумма=81722.00
ПлательщикСчет=40702810065020711858
Плательщик=ПАО СБЕРБАНК (эквайринг)
ПлательщикИНН=7707083893
ПолучательСчет=40802810024570334692
Получатель=ИП Петров Иван Сергеевич
ПолучательИНН=770912345678
НазначениеПлатежа=Возмещение по эквайрингу по договору №ЭКВ-114/2024. НДС не облагается
КонецДокумента
СекцияДокумент=Платежное поручение
Номер=55
Дата=24.02.2025
Сумма=44200.00
ПлательщикСчет=40702810065020711858
Плательщик=ПАО СБЕРБАНК (эквайринг)
ПлательщикИНН=7707083893
ПолучательСчет=40802810024570334692
Получатель=ИП Петров Иван Сергеевич
ПолучательИНН=770912345678
НазначениеПлатежа=Возмещение по эквайрингу по договору №ЭКВ-114/2024. НДС не облагается
КонецДокумента
СекцияДокумент=Платежное поручение
Номер=56
Дата=25.02.2025
Сумма=29329.00
ПлательщикСчет=40702810065020711858
Плательщик=ПАО СБЕРБАНК (эквайринг)
ПлательщикИНН=7707083893
ПолучательСчет=40802810024570334692
Получатель=ИП Петров Иван Сергеевич
ПолучательИНН=770912345678
НазначениеПлатежа=Возмещение по эквайрингу по договору №ЭКВ-114/2024. НДС не облагается
КонецДокумента
СекцияДокумент=Платежное поручение
Номер=57
Дата=25.02.2025
Сумма=24000.00
ПлательщикСчет=40802810024570334692
Плательщик=ИП Петров Иван Сергеевич
ПлательщикИНН=770912345678
ПолучательСчет=40702810430943961719
Получатель=ИП Петров И.С. // Смирнова А. В.
ПолучательИНН=
НазначениеПлатежа=Заработная плата (окончательный расчёт) за 02.2025. НДФЛ удержан
КонецДокумента
СекцияДокумент=Платежное поручение
Номер=58
Дата=25.02.2025
Сумма=24000.00
ПлательщикСчет=40802810024570334692
Плательщик=ИП Петров Иван Сергеевич
ПлательщикИНН=770912345678
ПолучательСчет=40702810510033036478
Получатель=ИП Петров И.С. // Кузьмина О. Н.
ПолучательИНН=
НазначениеПлатежа=Заработная плата (окончательный расчёт) за 02.2025. НДФЛ удержан
КонецДокумента
СекцияДокумент=Платежное поручение
Номер=59
Дата=26.02.2025
Сумма=21281.00
ПлательщикСчет=40702810065020711858
Плательщик=ПАО СБЕРБАНК (эквайринг)
ПлательщикИНН=7707083893
ПолучательСчет=40802810024570334692
Получатель=ИП Петров Иван Сергеевич
ПолучательИНН=770912345678
НазначениеПлатежа=Возмещение по эквайрингу по договору №ЭКВ-114/2024. НДС не облагается
КонецДокумента
СекцияДокумент=Платежное поручение
Номер=60
Дата=27.02.2025
Сумма=43449.00
ПлательщикСчет=40702810065020711858
Плательщик=ПАО СБЕРБАНК (эквайринг)
ПлательщикИНН=7707083893
ПолучательСчет=40802810024570334692
Получатель=ИП Петров Иван Сергеевич
ПолучательИНН=770912345678
НазначениеПлатежа=Возмещение по эквайрингу по договору №ЭКВ-114/2024. НДС не облагается
КонецДокумента
СекцияДокумент=Платежное поручение
Номер=61
Дата=28.02.2025
Сумма=86508.00
ПлательщикСчет=40702810065020711858
Плательщик=ПАО СБЕРБАНК (эквайринг)
ПлательщикИНН=7707083893
ПолучательСчет=40802810024570334692
Получатель=ИП Петров Иван Сергеевич
ПолучательИНН=770912345678
НазначениеПлатежа=Возмещение по эквайрингу по договору №ЭКВ-114/2024. НДС не облагается
КонецДокумента
СекцияДокумент=Платежное поручение
Номер=62
Дата=28.02.2025
Сумма=13000.00
ПлательщикСчет=40802810024570334692
Плательщик=ИП Петров Иван Сергеевич
ПлательщикИНН=770912345678
ПолучательСчет=40101810045250010041
Получатель=УФК по г. Москве (ИФНС России)
ПолучательИНН=7727406020
НазначениеПлатежа=НДФЛ с заработной платы за 02.2025
КонецДокумента
СекцияДокумент=Платежное поручение
Номер=63
Дата=28.02.2025
Сумма=27000.00
ПлательщикСчет=40802810024570334692
Плательщик=ИП Петров Иван Сергеевич
ПлательщикИНН=770912345678
ПолучательСчет=40702810016436163161
Получатель=СФР по г. Москве и МО
ПолучательИНН=7703363868
НазначениеПлатежа=Страховые взносы за 02.2025
КонецДокумента
СекцияДокумент=Платежное поручение
Номер=64
Дата=03.03.2025
Сумма=58575.00
ПлательщикСчет=40702810065020711858
Плательщик=ПАО СБЕРБАНК (эквайринг)
ПлательщикИНН=7707083893
ПолучательСчет=40802810024570334692
Получатель=ИП Петров Иван Сергеевич
ПолучательИНН=770912345678
НазначениеПлатежа=Возмещение по эквайрингу по договору №ЭКВ-114/2024. НДС не облагается
КонецДокумента
СекцияДокумент=Платежное поручение
Номер=65
Дата=03.03.2025
Сумма=95000.00
ПлательщикСчет=40802810024570334692
Плательщик=ИП Петров Иван Сергеевич
ПлательщикИНН=770912345678
ПолучательСчет=40702810535339763786
Получатель=ООО «ТЦ Меридиан»
ПолучательИНН=7719854120
НазначениеПлатежа=Оплата аренды торгового помещения за 03.2025. НДС не облагается
КонецДокумента
СекцияДокумент=Платежное поручение
Номер=66
Дата=04.03.2025
Сумма=57117.00
ПлательщикСчет=40702810065020711858
Плательщик=ПАО СБЕРБАНК (эквайринг)
ПлательщикИНН=7707083893
ПолучательСчет=40802810024570334692
Получатель=ИП Петров Иван Сергеевич
ПолучательИНН=770912345678
НазначениеПлатежа=Возмещение по эквайрингу по договору №ЭКВ-114/2024. НДС не облагается
КонецДокумента
СекцияДокумент=Платежное поручение
Номер=67
Дата=05.03.2025
Сумма=48012.00
ПлательщикСчет=40702810065020711858
Плательщик=ПАО СБЕРБАНК (эквайринг)
ПлательщикИНН=7707083893
ПолучательСчет=40802810024570334692
Получатель=ИП Петров Иван Сергеевич
ПолучательИНН=770912345678
НазначениеПлатежа=Возмещение по эквайрингу по договору №ЭКВ-114/2024. НДС не облагается
КонецДокумента
СекцияДокумент=Платежное поручение
Номер=68
Дата=05.03.2025
Сумма=10229.00
ПлательщикСчет=40802810024570334692
Плательщик=ИП Петров Иван Сергеевич
ПлательщикИНН=770912345678
ПолучательСчет=40702810509073345605
Получатель=ПАО СБЕРБАНК
ПолучательИНН=7707083893
НазначениеПлатежа=Комиссия за услуги эквайринга. НДС не облагается
КонецДокумента
СекцияДокумент=Платежное поручение
Номер=69
Дата=06.03.2025
Сумма=41767.00
ПлательщикСчет=40702810065020711858
Плательщик=ПАО СБЕРБАНК (эквайринг)
ПлательщикИНН=7707083893
ПолучательСчет=40802810024570334692
Получатель=ИП Петров Иван Сергеевич
ПолучательИНН=770912345678
НазначениеПлатежа=Возмещение по эквайрингу по договору №ЭКВ-114/2024. НДС не облагается
КонецДокумента
СекцияДокумент=Платежное поручение
Номер=70
Дата=07.03.2025
Сумма=51270.00
ПлательщикСчет=40702810065020711858
Плательщик=ПАО СБЕРБАНК (эквайринг)
ПлательщикИНН=7707083893
ПолучательСчет=40802810024570334692
Получатель=ИП Петров Иван Сергеевич
ПолучательИНН=770912345678
НазначениеПлатежа=Возмещение по эквайрингу по договору №ЭКВ-114/2024. НДС не облагается
КонецДокумента
СекцияДокумент=Платежное поручение
Номер=71
Дата=10.03.2025
Сумма=58052.00
ПлательщикСчет=40702810065020711858
Плательщик=ПАО СБЕРБАНК (эквайринг)
ПлательщикИНН=7707083893
ПолучательСчет=40802810024570334692
Получатель=ИП Петров Иван Сергеевич
ПолучательИНН=770912345678
НазначениеПлатежа=Возмещение по эквайрингу по договору №ЭКВ-114/2024. НДС не облагается
КонецДокумента
СекцияДокумент=Платежное поручение
Номер=72
Дата=10.03.2025
Сумма=21000.00
ПлательщикСчет=40802810024570334692
Плательщик=ИП Петров Иван Сергеевич
ПлательщикИНН=770912345678
ПолучательСчет=40702810430943961719
Получатель=ИП Петров И.С. // Смирнова А. В.
ПолучательИНН=
НазначениеПлатежа=Заработная плата (аванс) за 03.2025. НДФЛ удержан
КонецДокумента
СекцияДокумент=Платежное поручение
Номер=73
Дата=10.03.2025
Сумма=21000.00
ПлательщикСчет=40802810024570334692
Плательщик=ИП Петров Иван Сергеевич
ПлательщикИНН=770912345678
ПолучательСчет=40702810510033036478
Получатель=ИП Петров И.С. // Кузьмина О. Н.
ПолучательИНН=
НазначениеПлатежа=Заработная плата (аванс) за 03.2025. НДФЛ удержан
КонецДокумента
СекцияДокумент=Платежное поручение
Номер=74
Дата=11.03.2025
Сумма=63776.00
ПлательщикСчет=40702810065020711858
Плательщик=ПАО СБЕРБАНК (эквайринг)
ПлательщикИНН=7707083893
ПолучательСчет=40802810024570334692
Получатель=ИП Петров Иван Сергеевич
ПолучательИНН=770912345678
НазначениеПлатежа=Возмещение по эквайрингу по договору №ЭКВ-114/2024. НДС не облагается
КонецДокумента
СекцияДокумент=Платежное поручение
Номер=75
Дата=12.03.2025
Сумма=33996.00
ПлательщикСчет=40702810065020711858
Плательщик=ПАО СБЕРБАНК (эквайринг)
ПлательщикИНН=7707083893
ПолучательСчет=40802810024570334692
Получатель=ИП Петров Иван Сергеевич
ПолучательИНН=770912345678
НазначениеПлатежа=Возмещение по эквайрингу по договору №ЭКВ-114/2024. НДС не облагается
КонецДокумента
СекцияДокумент=Платежное поручение
Номер=76
Дата=12.03.2025
Сумма=156785.00
ПлательщикСчет=40802810024570334692
Плательщик=ИП Петров Иван Сергеевич
ПлательщикИНН=770912345678
ПолучательСчет=40702810484742594673
Получатель=ООО «Модный Дом Опт»
ПолучательИНН=7801456712
НазначениеПлатежа=Оплата по договору поставки товара №100/2025, счёт от 12.03.2025. В т.ч. НДС 20%
КонецДокумента
СекцияДокумент=Платежное поручение
Номер=77
Дата=13.03.2025
Сумма=57094.00
ПлательщикСчет=40702810065020711858
Плательщик=ПАО СБЕРБАНК (эквайринг)
ПлательщикИНН=7707083893
ПолучательСчет=40802810024570334692
Получатель=ИП Петров Иван Сергеевич
ПолучательИНН=770912345678
НазначениеПлатежа=Возмещение по эквайрингу по договору №ЭКВ-114/2024. НДС не облагается
КонецДокумента
СекцияДокумент=Платежное поручение
Номер=78
Дата=14.03.2025
Сумма=75784.00
ПлательщикСчет=40702810065020711858
Плательщик=ПАО СБЕРБАНК (эквайринг)
ПлательщикИНН=7707083893
ПолучательСчет=40802810024570334692
Получатель=ИП Петров Иван Сергеевич
ПолучательИНН=770912345678
НазначениеПлатежа=Возмещение по эквайрингу по договору №ЭКВ-114/2024. НДС не облагается
КонецДокумента
СекцияДокумент=Платежное поручение
Номер=79
Дата=17.03.2025
Сумма=45498.00
ПлательщикСчет=40702810065020711858
Плательщик=ПАО СБЕРБАНК (эквайринг)
ПлательщикИНН=7707083893
ПолучательСчет=40802810024570334692
Получатель=ИП Петров Иван Сергеевич
ПолучательИНН=770912345678
НазначениеПлатежа=Возмещение по эквайрингу по договору №ЭКВ-114/2024. НДС не облагается
КонецДокумента
СекцияДокумент=Платежное поручение
Номер=80
Дата=18.03.2025
Сумма=60887.00
ПлательщикСчет=40702810065020711858
Плательщик=ПАО СБЕРБАНК (эквайринг)
ПлательщикИНН=7707083893
ПолучательСчет=40802810024570334692
Получатель=ИП Петров Иван Сергеевич
ПолучательИНН=770912345678
НазначениеПлатежа=Возмещение по эквайрингу по договору №ЭКВ-114/2024. НДС не облагается
КонецДокумента
СекцияДокумент=Платежное поручение
Номер=81
Дата=18.03.2025
Сумма=155722.00
ПлательщикСчет=40802810024570334692
Плательщик=ИП Петров Иван Сергеевич
ПлательщикИНН=770912345678
ПолучательСчет=40702810134609705869
Получатель=ООО «Текстиль-Трейд»
ПолучательИНН=5024112233
НазначениеПлатежа=Оплата по договору поставки товара №101/2025, счёт от 18.03.2025. В т.ч. НДС 20%
КонецДокумента
СекцияДокумент=Платежное поручение
Номер=82
Дата=19.03.2025
Сумма=20699.00
ПлательщикСчет=40702810065020711858
Плательщик=ПАО СБЕРБАНК (эквайринг)
ПлательщикИНН=7707083893
ПолучательСчет=40802810024570334692
Получатель=ИП Петров Иван Сергеевич
ПолучательИНН=770912345678
НазначениеПлатежа=Возмещение по эквайрингу по договору №ЭКВ-114/2024. НДС не облагается
КонецДокумента
СекцияДокумент=Платежное поручение
Номер=83
Дата=20.03.2025
Сумма=31145.00
ПлательщикСчет=40702810065020711858
Плательщик=ПАО СБЕРБАНК (эквайринг)
ПлательщикИНН=7707083893
ПолучательСчет=40802810024570334692
Получатель=ИП Петров Иван Сергеевич
ПолучательИНН=770912345678
НазначениеПлатежа=Возмещение по эквайрингу по договору №ЭКВ-114/2024. НДС не облагается
КонецДокумента
СекцияДокумент=Платежное поручение
Номер=84
Дата=21.03.2025
Сумма=62322.00
ПлательщикСчет=40702810065020711858
Плательщик=ПАО СБЕРБАНК (эквайринг)
ПлательщикИНН=7707083893
ПолучательСчет=40802810024570334692
Получатель=ИП Петров Иван Сергеевич
ПолучательИНН=770912345678
НазначениеПлатежа=Возмещение по эквайрингу по договору №ЭКВ-114/2024. НДС не облагается
КонецДокумента
СекцияДокумент=Платежное поручение
Номер=85
Дата=24.03.2025
Сумма=46020.00
ПлательщикСчет=40702810065020711858
Плательщик=ПАО СБЕРБАНК (эквайринг)
ПлательщикИНН=7707083893
ПолучательСчет=40802810024570334692
Получатель=ИП Петров Иван Сергеевич
ПолучательИНН=770912345678
НазначениеПлатежа=Возмещение по эквайрингу по договору №ЭКВ-114/2024. НДС не облагается
КонецДокумента
СекцияДокумент=Платежное поручение
Номер=86
Дата=25.03.2025
Сумма=45027.00
ПлательщикСчет=40702810065020711858
Плательщик=ПАО СБЕРБАНК (эквайринг)
ПлательщикИНН=7707083893
ПолучательСчет=40802810024570334692
Получатель=ИП Петров Иван Сергеевич
ПолучательИНН=770912345678
НазначениеПлатежа=Возмещение по эквайрингу по договору №ЭКВ-114/2024. НДС не облагается
КонецДокумента
СекцияДокумент=Платежное поручение
Номер=87
Дата=25.03.2025
Сумма=24000.00
ПлательщикСчет=40802810024570334692
Плательщик=ИП Петров Иван Сергеевич
ПлательщикИНН=770912345678
ПолучательСчет=40702810430943961719
Получатель=ИП Петров И.С. // Смирнова А. В.
ПолучательИНН=
НазначениеПлатежа=Заработная плата (окончательный расчёт) за 03.2025. НДФЛ удержан
КонецДокумента
СекцияДокумент=Платежное поручение
Номер=88
Дата=25.03.2025
Сумма=24000.00
ПлательщикСчет=40802810024570334692
Плательщик=ИП Петров Иван Сергеевич
ПлательщикИНН=770912345678
ПолучательСчет=40702810510033036478
Получатель=ИП Петров И.С. // Кузьмина О. Н.
ПолучательИНН=
НазначениеПлатежа=Заработная плата (окончательный расчёт) за 03.2025. НДФЛ удержан
КонецДокумента
СекцияДокумент=Платежное поручение
Номер=89
Дата=25.03.2025
Сумма=62000.00
ПлательщикСчет=40802810024570334692
Плательщик=ИП Петров Иван Сергеевич
ПлательщикИНН=770912345678
ПолучательСчет=40101810045250010041
Получатель=УФК по г. Москве (ИФНС России)
ПолучательИНН=7727406020
НазначениеПлатежа=Авансовый платёж по УСН (доходы, 6%) за отчётный квартал
КонецДокумента
СекцияДокумент=Платежное поручение
Номер=90
Дата=26.03.2025
Сумма=62127.00
ПлательщикСчет=40702810065020711858
Плательщик=ПАО СБЕРБАНК (эквайринг)
ПлательщикИНН=7707083893
ПолучательСчет=40802810024570334692
Получатель=ИП Петров Иван Сергеевич
ПолучательИНН=770912345678
НазначениеПлатежа=Возмещение по эквайрингу по договору №ЭКВ-114/2024. НДС не облагается
КонецДокумента
СекцияДокумент=Платежное поручение
Номер=91
Дата=27.03.2025
Сумма=43034.00
ПлательщикСчет=40702810065020711858
Плательщик=ПАО СБЕРБАНК (эквайринг)
ПлательщикИНН=7707083893
ПолучательСчет=40802810024570334692
Получатель=ИП Петров Иван Сергеевич
ПолучательИНН=770912345678
НазначениеПлатежа=Возмещение по эквайрингу по договору №ЭКВ-114/2024. НДС не облагается
КонецДокумента
СекцияДокумент=Платежное поручение
Номер=92
Дата=28.03.2025
Сумма=59536.00
ПлательщикСчет=40702810065020711858
Плательщик=ПАО СБЕРБАНК (эквайринг)
ПлательщикИНН=7707083893
ПолучательСчет=40802810024570334692
Получатель=ИП Петров Иван Сергеевич
ПолучательИНН=770912345678
НазначениеПлатежа=Возмещение по эквайрингу по договору №ЭКВ-114/2024. НДС не облагается
КонецДокумента
СекцияДокумент=Платежное поручение
Номер=93
Дата=28.03.2025
Сумма=13000.00
ПлательщикСчет=40802810024570334692
Плательщик=ИП Петров Иван Сергеевич
ПлательщикИНН=770912345678
ПолучательСчет=40101810045250010041
Получатель=УФК по г. Москве (ИФНС России)
ПолучательИНН=7727406020
НазначениеПлатежа=НДФЛ с заработной платы за 03.2025
КонецДокумента
СекцияДокумент=Платежное поручение
Номер=94
Дата=28.03.2025
Сумма=27000.00
ПлательщикСчет=40802810024570334692
Плательщик=ИП Петров Иван Сергеевич
ПлательщикИНН=770912345678
ПолучательСчет=40702810016436163161
Получатель=СФР по г. Москве и МО
ПолучательИНН=7703363868
НазначениеПлатежа=Страховые взносы за 03.2025
КонецДокумента
СекцияДокумент=Платежное поручение
Номер=95
Дата=31.03.2025
Сумма=40042.00
ПлательщикСчет=40702810065020711858
Плательщик=ПАО СБЕРБАНК (эквайринг)
ПлательщикИНН=7707083893
ПолучательСчет=40802810024570334692
Получатель=ИП Петров Иван Сергеевич
ПолучательИНН=770912345678
НазначениеПлатежа=Возмещение по эквайрингу по договору №ЭКВ-114/2024. НДС не облагается
КонецДокумента
КонецФайла
