1CClientBankExchange
ВерсияФормата=1.03
Кодировка=Windows
Отправитель=АО «ТБАНК»
Получатель=
ДатаСоздания=30.09.2025
ВремяСоздания=18:00:00
ДатаНачала=01.07.2025
ДатаКонца=30.09.2025
РасчСчет=40702810150369825778
СекцияРасчСчет
ДатаНачала=01.07.2025
ДатаКонца=30.09.2025
РасчСчет=40702810150369825778
НачальныйОстаток=250000.00
КонецРасчСчет
СекцияДокумент=Платежное поручение
Номер=1
Дата=05.07.2025
Сумма=130000.00
ПлательщикСчет=40702810150369825778
Плательщик=ООО «Диджитал Сервис»
ПлательщикИНН=7727406020
ПолучательСчет=40702810120795280810
Получатель=ООО «Бизнес-Парк Румянцево»
ПолучательИНН=7729112233
НазначениеПлатежа=Арендная плата за офис за 07.2025. В т.ч. НДС 20%
КонецДокумента
СекцияДокумент=Платежное поручение
Номер=2
Дата=08.07.2025
Сумма=219134.00
ПлательщикСчет=40702810027699273388
Плательщик=ООО «Гранд Девелопмент»
ПлательщикИНН=7736251489
ПолучательСчет=40702810150369825778
Получатель=ООО «Диджитал Сервис»
ПолучательИНН=7727406020
НазначениеПлатежа=Оплата по договору оказания услуг №200/2025, акт от 08.07.2025. НДС не облагается (УСН)
КонецДокумента
СекцияДокумент=Платежное поручение
Номер=3
Дата=10.07.2025
Сумма=37589.00
ПлательщикСчет=40702810150369825778
Плательщик=ООО «Диджитал Сервис»
ПлательщикИНН=7727406020
ПолучательСчет=40702810488389187241
Получатель=ООО «Диджитал Сервис» // Иванов П. Р.
ПолучательИНН=
НазначениеПлатежа=Выплата: аванс за 07.2025
КонецДокумента
СекцияДокумент=Платежное поручение
Номер=4
Дата=10.07.2025
Сумма=39740.00
ПлательщикСчет=40702810150369825778
Плательщик=ООО «Диджитал Сервис»
ПлательщикИНН=7727406020
ПолучательСчет=40702810965765595526
Получатель=ООО «Диджитал Сервис» // Соколова Е. Д.
ПолучательИНН=
НазначениеПлатежа=Выплата: аванс за 07.2025
КонецДокумента
СекцияДокумент=Платежное поручение
Номер=5
Дата=10.07.2025
Сумма=42630.00
ПлательщикСчет=40702810150369825778
Плательщик=ООО «Диджитал Сервис»
ПлательщикИНН=7727406020
ПолучательСчет=40702810081716922769
Получатель=ООО «Диджитал Сервис» // Морозов А. К.
ПолучательИНН=
НазначениеПлатежа=Выплата: аванс за 07.2025
КонецДокумента
СекцияДокумент=Платежное поручение
Номер=6
Дата=10.07.2025
Сумма=33882.00
ПлательщикСчет=40702810150369825778
Плательщик=ООО «Диджитал Сервис»
ПлательщикИНН=7727406020
ПолучательСчет=40702810662034473215
Получатель=ООО «Диджитал Сервис» // Волкова Н. С.
ПолучательИНН=
НазначениеПлатежа=Выплата: аванс за 07.2025
КонецДокумента
СекцияДокумент=Платежное поручение
Номер=7
Дата=15.07.2025
Сумма=410512.00
ПлательщикСчет=40702810929505252779
Плательщик=АО «ФармаЛогистика»
ПлательщикИНН=7728198765
ПолучательСчет=40702810150369825778
Получатель=ООО «Диджитал Сервис»
ПолучательИНН=7727406020
НазначениеПлатежа=Оплата по договору оказания услуг №201/2025, акт от 15.07.2025. НДС не облагается (УСН)
КонецДокумента
СекцияДокумент=Платежное поручение
Номер=8
Дата=15.07.2025
Сумма=102590.00
ПлательщикСчет=40702810150369825778
Плательщик=ООО «Диджитал Сервис»
ПлательщикИНН=7727406020
ПолучательСчет=40702810267218008609
Получатель=ООО «Яндекс»
ПолучательИНН=7736207543
НазначениеПлатежа=Рекламные услуги (Яндекс.Директ) за 07.2025
КонецДокумента
СекцияДокумент=Платежное поручение
Номер=9
Дата=19.07.2025
Сумма=57878.00
ПлательщикСчет=40702810150369825778
Плательщик=ООО «Диджитал Сервис»
ПлательщикИНН=7727406020
ПолучательСчет=40702810451562675384
Получатель=ИП Гусев Д.А. (фриланс-дизайн)
ПолучательИНН=500112223344
НазначениеПлатежа=Услуги дизайна по договору подряда за 07.2025
КонецДокумента
СекцияДокумент=Платежное поручение
Номер=10
Дата=22.07.2025
Сумма=257803.00
ПлательщикСчет=40702810699957347537
Плательщик=ООО «Северный Ветер»
ПлательщикИНН=7810334455
ПолучательСчет=40702810150369825778
Получатель=ООО «Диджитал Сервис»
ПолучательИНН=7727406020
НазначениеПлатежа=Оплата по договору оказания услуг №202/2025, акт от 22.07.2025. НДС не облагается (УСН)
КонецДокумента
СекцияДокумент=Платежное поручение
Номер=11
Дата=25.07.2025
Сумма=29678.00
ПлательщикСчет=40702810150369825778
Плательщик=ООО «Диджитал Сервис»
ПлательщикИНН=7727406020
ПолучательСчет=40702810488389187241
Получатель=ООО «Диджитал Сервис» // Иванов П. Р.
ПолучательИНН=
НазначениеПлатежа=Выплата: зарплата за 07.2025
КонецДокумента
СекцияДокумент=Платежное поручение
Номер=12
Дата=25.07.2025
Сумма=44461.00
ПлательщикСчет=40702810150369825778
Плательщик=ООО «Диджитал Сервис»
ПлательщикИНН=7727406020
ПолучательСчет=40702810965765595526
Получатель=ООО «Диджитал Сервис» // Соколова Е. Д.
ПолучательИНН=
НазначениеПлатежа=Выплата: зарплата за 07.2025
КонецДокумента
СекцияДокумент=Платежное поручение
Номер=13
Дата=25.07.2025
Сумма=35191.00
ПлательщикСчет=40702810150369825778
Плательщик=ООО «Диджитал Сервис»
ПлательщикИНН=7727406020
ПолучательСчет=40702810081716922769
Получатель=ООО «Диджитал Сервис» // Морозов А. К.
ПолучательИНН=
НазначениеПлатежа=Выплата: зарплата за 07.2025
КонецДокумента
СекцияДокумент=Платежное поручение
Номер=14
Дата=25.07.2025
Сумма=39615.00
ПлательщикСчет=40702810150369825778
Плательщик=ООО «Диджитал Сервис»
ПлательщикИНН=7727406020
ПолучательСчет=40702810662034473215
Получатель=ООО «Диджитал Сервис» // Волкова Н. С.
ПолучательИНН=
НазначениеПлатежа=Выплата: зарплата за 07.2025
КонецДокумента
СекцияДокумент=Платежное поручение
Номер=15
Дата=28.07.2025
Сумма=42000.00
ПлательщикСчет=40702810150369825778
Плательщик=ООО «Диджитал Сервис»
ПлательщикИНН=7727406020
ПолучательСчет=40101810045250010041
Получатель=УФК по г. Москве (ИФНС России)
ПолучательИНН=7727406020
НазначениеПлатежа=НДФЛ за 07.2025
КонецДокумента
СекцияДокумент=Платежное поручение
Номер=16
Дата=28.07.2025
Сумма=88000.00
ПлательщикСчет=40702810150369825778
Плательщик=ООО «Диджитал Сервис»
ПлательщикИНН=7727406020
ПолучательСчет=40702810016436163161
Получатель=СФР по г. Москве и МО
ПолучательИНН=7703363868
НазначениеПлатежа=Страховые взносы за 07.2025
КонецДокумента
СекцияДокумент=Платежное поручение
Номер=17
Дата=05.08.2025
Сумма=130000.00
ПлательщикСчет=40702810150369825778
Плательщик=ООО «Диджитал Сервис»
ПлательщикИНН=7727406020
ПолучательСчет=40702810120795280810
Получатель=ООО «Бизнес-Парк Румянцево»
ПолучательИНН=7729112233
НазначениеПлатежа=Арендная плата за офис за 08.2025. В т.ч. НДС 20%
КонецДокумента
СекцияДокумент=Платежное поручение
Номер=18
Дата=08.08.2025
Сумма=317135.00
ПлательщикСчет=40702810027699273388
Плательщик=ООО «Гранд Девелопмент»
ПлательщикИНН=7736251489
ПолучательСчет=40702810150369825778
Получатель=ООО «Диджитал Сервис»
ПолучательИНН=7727406020
НазначениеПлатежа=Оплата по договору оказания услуг №200/2025, акт от 08.08.2025. НДС не облагается (УСН)
КонецДокумента
СекцияДокумент=Платежное поручение
Номер=19
Дата=10.08.2025
Сумма=28234.00
ПлательщикСчет=40702810150369825778
Плательщик=ООО «Диджитал Сервис»
ПлательщикИНН=7727406020
ПолучательСчет=40702810488389187241
Получатель=ООО «Диджитал Сервис» // Иванов П. Р.
ПолучательИНН=
НазначениеПлатежа=Выплата: аванс за 08.2025
КонецДокумента
СекцияДокумент=Платежное поручение
Номер=20
Дата=10.08.2025
Сумма=36082.00
ПлательщикСчет=40702810150369825778
Плательщик=ООО «Диджитал Сервис»
ПлательщикИНН=7727406020
ПолучательСчет=40702810965765595526
Получатель=ООО «Диджитал Сервис» // Соколова Е. Д.
ПолучательИНН=
НазначениеПлатежа=Выплата: аванс за 08.2025
КонецДокумента
СекцияДокумент=Платежное поручение
Номер=21
Дата=10.08.2025
Сумма=29566.00
ПлательщикСчет=40702810150369825778
Плательщик=ООО «Диджитал Сервис»
ПлательщикИНН=7727406020
ПолучательСчет=40702810081716922769
Получатель=ООО «Диджитал Сервис» // Морозов А. К.
ПолучательИНН=
НазначениеПлатежа=Выплата: аванс за 08.2025
КонецДокумента
СекцияДокумент=Платежное поручение
Номер=22
Дата=10.08.2025
Сумма=38122.00
ПлательщикСчет=40702810150369825778
Плательщик=ООО «Диджитал Сервис»
ПлательщикИНН=7727406020
ПолучательСчет=40702810662034473215
Получатель=ООО «Диджитал Сервис» // Волкова Н. С.
ПолучательИНН=
НазначениеПлатежа=Выплата: аванс за 08.2025
КонецДокумента
СекцияДокумент=Платежное поручение
Номер=23
Дата=15.08.2025
Сумма=182389.00
ПлательщикСчет=40702810929505252779
Плательщик=АО «ФармаЛогистика»
ПлательщикИНН=7728198765
ПолучательСчет=40702810150369825778
Получатель=ООО «Диджитал Сервис»
ПолучательИНН=7727406020
НазначениеПлатежа=Оплата по договору оказания услуг №201/2025, акт от 15.08.2025. НДС не облагается (УСН)
КонецДокумента
СекцияДокумент=Платежное поручение
Номер=24
Дата=15.08.2025
Сумма=74579.00
ПлательщикСчет=40702810150369825778
Плательщик=ООО «Диджитал Сервис»
ПлательщикИНН=7727406020
ПолучательСчет=40702810267218008609
Получатель=ООО «Яндекс»
ПолучательИНН=7736207543
НазначениеПлатежа=Рекламные услуги (Яндекс.Директ) за 08.2025
КонецДокумента
СекцияДокумент=Платежное поручение
Номер=25
Дата=19.08.2025
Сумма=56739.00
ПлательщикСчет=40702810150369825778
Плательщик=ООО «Диджитал Сервис»
ПлательщикИНН=7727406020
ПолучательСчет=40702810451562675384
Получатель=ИП Гусев Д.А. (фриланс-дизайн)
ПолучательИНН=500112223344
НазначениеПлатежа=Услуги дизайна по договору подряда за 08.2025
КонецДокумента
СекцияДокумент=Платежное поручение
Номер=26
Дата=20.08.2025
Сумма=520000.00
ПлательщикСчет=40702810150369825778
Плательщик=ООО «Диджитал Сервис»
ПлательщикИНН=7727406020
ПолучательСчет=40702810059387643366
Получатель=ООО «Гранд Продакшн»
ПолучательИНН=7736998811
НазначениеПлатежа=Крупная предоплата по договору поставки №999/2025 (срочный заказ). В т.ч. НДС 20%
КонецДокумента
СекцияДокумент=Платежное поручение
Номер=27
Дата=20.08.2025
Сумма=182000.00
ПлательщикСчет=40702810150369825778
Плательщик=ООО «Диджитал Сервис»
ПлательщикИНН=7727406020
ПолучательСчет=40101810045250010041
Получатель=УФК по г. Москве (ИФНС России)
ПолучательИНН=7727406020
НазначениеПлатежа=Уплата НДС/налога по требованию. Срок — сегодня
КонецДокумента
СекцияДокумент=Платежное поручение
Номер=28
Дата=22.08.2025
Сумма=272647.00
ПлательщикСчет=40702810699957347537
Плательщик=ООО «Северный Ветер»
ПлательщикИНН=7810334455
ПолучательСчет=40702810150369825778
Получатель=ООО «Диджитал Сервис»
ПолучательИНН=7727406020
НазначениеПлатежа=Оплата по договору оказания услуг №202/2025, акт от 22.08.2025. НДС не облагается (УСН)
КонецДокумента
СекцияДокумент=Платежное поручение
Номер=29
Дата=23.08.2025
Сумма=572000.00
ПлательщикСчет=40702810838402633060
Плательщик=ООО «Крупный Клиент»
ПлательщикИНН=7701555666
ПолучательСчет=40702810150369825778
Получатель=ООО «Диджитал Сервис»
ПолучательИНН=7727406020
НазначениеПлатежа=Оплата по договору (задержана, поступила позже срока). НДС не облагается
КонецДокумента
СекцияДокумент=Платежное поручение
Номер=30
Дата=25.08.2025
Сумма=39035.00
ПлательщикСчет=40702810150369825778
Плательщик=ООО «Диджитал Сервис»
ПлательщикИНН=7727406020
ПолучательСчет=40702810488389187241
Получатель=ООО «Диджитал Сервис» // Иванов П. Р.
ПолучательИНН=
НазначениеПлатежа=Выплата: зарплата за 08.2025
КонецДокумента
СекцияДокумент=Платежное поручение
Номер=31
Дата=25.08.2025
Сумма=28151.00
ПлательщикСчет=40702810150369825778
Плательщик=ООО «Диджитал Сервис»
ПлательщикИНН=7727406020
ПолучательСчет=40702810965765595526
Получатель=ООО «Диджитал Сервис» // Соколова Е. Д.
ПолучательИНН=
НазначениеПлатежа=Выплата: зарплата за 08.2025
КонецДокумента
СекцияДокумент=Платежное поручение
Номер=32
Дата=25.08.2025
Сумма=33303.00
ПлательщикСчет=40702810150369825778
Плательщик=ООО «Диджитал Сервис»
ПлательщикИНН=7727406020
ПолучательСчет=40702810081716922769
Получатель=ООО «Диджитал Сервис» // Морозов А. К.
ПолучательИНН=
НазначениеПлатежа=Выплата: зарплата за 08.2025
КонецДокумента
СекцияДокумент=Платежное поручение
Номер=33
Дата=25.08.2025
Сумма=39444.00
ПлательщикСчет=40702810150369825778
Плательщик=ООО «Диджитал Сервис»
ПлательщикИНН=7727406020
ПолучательСчет=40702810662034473215
Получатель=ООО «Диджитал Сервис» // Волкова Н. С.
ПолучательИНН=
НазначениеПлатежа=Выплата: зарплата за 08.2025
КонецДокумента
СекцияДокумент=Платежное поручение
Номер=34
Дата=28.08.2025
Сумма=42000.00
ПлательщикСчет=40702810150369825778
Плательщик=ООО «Диджитал Сервис»
ПлательщикИНН=7727406020
ПолучательСчет=40101810045250010041
Получатель=УФК по г. Москве (ИФНС России)
ПолучательИНН=7727406020
НазначениеПлатежа=НДФЛ за 08.2025
КонецДокумента
СекцияДокумент=Платежное поручение
Номер=35
Дата=28.08.2025
Сумма=88000.00
ПлательщикСчет=40702810150369825778
Плательщик=ООО «Диджитал Сервис»
ПлательщикИНН=7727406020
ПолучательСчет=40702810016436163161
Получатель=СФР по г. Москве и МО
ПолучательИНН=7703363868
НазначениеПлатежа=Страховые взносы за 08.2025
КонецДокумента
СекцияДокумент=Платежное поручение
Номер=36
Дата=05.09.2025
Сумма=130000.00
ПлательщикСчет=40702810150369825778
Плательщик=ООО «Диджитал Сервис»
ПлательщикИНН=7727406020
ПолучательСчет=40702810120795280810
Получатель=ООО «Бизнес-Парк Румянцево»
ПолучательИНН=7729112233
НазначениеПлатежа=Арендная плата за офис за 09.2025. В т.ч. НДС 20%
КонецДокумента
СекцияДокумент=Платежное поручение
Номер=37
Дата=08.09.2025
Сумма=367218.00
ПлательщикСчет=40702810027699273388
Плательщик=ООО «Гранд Девелопмент»
ПлательщикИНН=7736251489
ПолучательСчет=40702810150369825778
Получатель=ООО «Диджитал Сервис»
ПолучательИНН=7727406020
НазначениеПлатежа=Оплата по договору оказания услуг №200/2025, акт от 08.09.2025. НДС не облагается (УСН)
КонецДокумента
СекцияДокумент=Платежное поручение
Номер=38
Дата=10.09.2025
Сумма=34383.00
ПлательщикСчет=40702810150369825778
Плательщик=ООО «Диджитал Сервис»
ПлательщикИНН=7727406020
ПолучательСчет=40702810488389187241
Получатель=ООО «Диджитал Сервис» // Иванов П. Р.
ПолучательИНН=
НазначениеПлатежа=Выплата: аванс за 09.2025
КонецДокумента
СекцияДокумент=Платежное поручение
Номер=39
Дата=10.09.2025
Сумма=35037.00
ПлательщикСчет=40702810150369825778
Плательщик=ООО «Диджитал Сервис»
ПлательщикИНН=7727406020
ПолучательСчет=40702810965765595526
Получатель=ООО «Диджитал Сервис» // Соколова Е. Д.
ПолучательИНН=
НазначениеПлатежа=Выплата: аванс за 09.2025
КонецДокумента
СекцияДокумент=Платежное поручение
Номер=40
Дата=10.09.2025
Сумма=34841.00
ПлательщикСчет=40702810150369825778
Плательщик=ООО «Диджитал Сервис»
ПлательщикИНН=7727406020
ПолучательСчет=40702810081716922769
Получатель=ООО «Диджитал Сервис» // Морозов А. К.
ПолучательИНН=
НазначениеПлатежа=Выплата: аванс за 09.2025
КонецДокумента
СекцияДокумент=Платежное поручение
Номер=41
Дата=10.09.2025
Сумма=42523.00
ПлательщикСчет=40702810150369825778
Плательщик=ООО «Диджитал Сервис»
ПлательщикИНН=7727406020
ПолучательСчет=40702810662034473215
Получатель=ООО «Диджитал Сервис» // Волкова Н. С.
ПолучательИНН=
НазначениеПлатежа=Выплата: аванс за 09.2025
КонецДокумента
СекцияДокумент=Платежное поручение
Номер=42
Дата=15.09.2025
Сумма=228469.00
ПлательщикСчет=40702810929505252779
Плательщик=АО «ФармаЛогистика»
ПлательщикИНН=7728198765
ПолучательСчет=40702810150369825778
Получатель=ООО «Диджитал Сервис»
ПолучательИНН=7727406020
НазначениеПлатежа=Оплата по договору оказания услуг №201/2025, акт от 15.09.2025. НДС не облагается (УСН)
КонецДокумента
СекцияДокумент=Платежное поручение
Номер=43
Дата=15.09.2025
Сумма=117191.00
ПлательщикСчет=40702810150369825778
Плательщик=ООО «Диджитал Сервис»
ПлательщикИНН=7727406020
ПолучательСчет=40702810267218008609
Получатель=ООО «Яндекс»
ПолучательИНН=7736207543
НазначениеПлатежа=Рекламные услуги (Яндекс.Директ) за 09.2025
КонецДокумента
СекцияДокумент=Платежное поручение
Номер=44
Дата=19.09.2025
Сумма=58602.00
ПлательщикСчет=40702810150369825778
Плательщик=ООО «Диджитал Сервис»
ПлательщикИНН=7727406020
ПолучательСчет=40702810451562675384
Получатель=ИП Гусев Д.А. (фриланс-дизайн)
ПолучательИНН=500112223344
НазначениеПлатежа=Услуги дизайна по договору подряда за 09.2025
КонецДокумента
СекцияДокумент=Платежное поручение
Номер=45
Дата=22.09.2025
Сумма=300455.00
ПлательщикСчет=40702810699957347537
Плательщик=ООО «Северный Ветер»
ПлательщикИНН=7810334455
ПолучательСчет=40702810150369825778
Получатель=ООО «Диджитал Сервис»
ПолучательИНН=7727406020
НазначениеПлатежа=Оплата по договору оказания услуг №202/2025, акт от 22.09.2025. НДС не облагается (УСН)
КонецДокумента
СекцияДокумент=Платежное поручение
Номер=46
Дата=25.09.2025
Сумма=41938.00
ПлательщикСчет=40702810150369825778
Плательщик=ООО «Диджитал Сервис»
ПлательщикИНН=7727406020
ПолучательСчет=40702810488389187241
Получатель=ООО «Диджитал Сервис» // Иванов П. Р.
ПолучательИНН=
НазначениеПлатежа=Выплата: зарплата за 09.2025
КонецДокумента
СекцияДокумент=Платежное поручение
Номер=47
Дата=25.09.2025
Сумма=28190.00
ПлательщикСчет=40702810150369825778
Плательщик=ООО «Диджитал Сервис»
ПлательщикИНН=7727406020
ПолучательСчет=40702810965765595526
Получатель=ООО «Диджитал Сервис» // Соколова Е. Д.
ПолучательИНН=
НазначениеПлатежа=Выплата: зарплата за 09.2025
КонецДокумента
СекцияДокумент=Платежное поручение
Номер=48
Дата=25.09.2025
Сумма=32536.00
ПлательщикСчет=40702810150369825778
Плательщик=ООО «Диджитал Сервис»
ПлательщикИНН=7727406020
ПолучательСчет=40702810081716922769
Получатель=ООО «Диджитал Сервис» // Морозов А. К.
ПолучательИНН=
НазначениеПлатежа=Выплата: зарплата за 09.2025
КонецДокумента
СекцияДокумент=Платежное поручение
Номер=49
Дата=25.09.2025
Сумма=42184.00
ПлательщикСчет=40702810150369825778
Плательщик=ООО «Диджитал Сервис»
ПлательщикИНН=7727406020
ПолучательСчет=40702810662034473215
Получатель=ООО «Диджитал Сервис» // Волкова Н. С.
ПолучательИНН=
НазначениеПлатежа=Выплата: зарплата за 09.2025
КонецДокумента
СекцияДокумент=Платежное поручение
Номер=50
Дата=25.09.2025
Сумма=95000.00
ПлательщикСчет=40702810150369825778
Плательщик=ООО «Диджитал Сервис»
ПлательщикИНН=7727406020
ПолучательСчет=40101810045250010041
Получатель=УФК по г. Москве (ИФНС России)
ПолучательИНН=7727406020
НазначениеПлатежа=Авансовый платёж по УСН (доходы минус расходы, 15%) за квартал
КонецДокумента
СекцияДокумент=Платежное поручение
Номер=51
Дата=28.09.2025
Сумма=42000.00
ПлательщикСчет=40702810150369825778
Плательщик=ООО «Диджитал Сервис»
ПлательщикИНН=7727406020
ПолучательСчет=40101810045250010041
Получатель=УФК по г. Москве (ИФНС России)
ПолучательИНН=7727406020
НазначениеПлатежа=НДФЛ за 09.2025
КонецДокумента
СекцияДокумент=Платежное поручение
Номер=52
Дата=28.09.2025
Сумма=88000.00
ПлательщикСчет=40702810150369825778
Плательщик=ООО «Диджитал Сервис»
ПлательщикИНН=7727406020
ПолучательСчет=40702810016436163161
Получатель=СФР по г. Москве и МО
ПолучательИНН=7703363868
НазначениеПлатежа=Страховые взносы за 09.2025
КонецДокумента
КонецФайла
