1CClientBankExchange
ВерсияФормата=1.03
Кодировка=Windows
РасчСчет=40802810000000012345
СекцияРасчСчет
РасчСчет=40802810000000012345
КонецРасчСчет
СекцияДокумент=Платежное поручение
Номер=1001
Дата=01.01.2026
Сумма=8000.00
Плательщик=Наша организация
ПлательщикСчет=40802810000000012345
ПлательщикИНН=0000000000
Получатель=Сервис Такое SaaS
ПолучательСчет=40702810000000099999
ПолучательИНН=9909112233
НазначениеПлатежа=Подписка на CRM-систему
КонецДокумента
СекцияДокумент=Платежное поручение
Номер=1002
Дата=03.01.2026
Сумма=278674.27
Плательщик=Клиент ООО «Заказчик-2»
ПлательщикСчет=40702810000000099999
ПлательщикИНН=7731174184
Получатель=Наша организация
ПолучательСчет=40802810000000012345
ПолучательИНН=0000000000
НазначениеПлатежа=Оплата по договору оказания услуг
КонецДокумента
СекцияДокумент=Платежное поручение
Номер=1003
Дата=05.01.2026
Сумма=180000.00
Плательщик=Наша организация
ПлательщикСчет=40802810000000012345
ПлательщикИНН=0000000000
Получатель=Арендодатель ЗАО «Бизнес-центр»
ПолучательСчет=40702810000000099999
ПолучательИНН=7712345678
НазначениеПлатежа=Аренда офиса
КонецДокумента
СекцияДокумент=Платежное поручение
Номер=1004
Дата=07.01.2026
Сумма=260020.25
Плательщик=Клиент ООО «Заказчик-9»
ПлательщикСчет=40702810000000099999
ПлательщикИНН=7712057668
Получатель=Наша организация
ПолучательСчет=40802810000000012345
ПолучательИНН=0000000000
НазначениеПлатежа=Оплата по договору оказания услуг
КонецДокумента
СекцияДокумент=Платежное поручение
Номер=1005
Дата=12.01.2026
Сумма=55000.00
Плательщик=Наша организация
ПлательщикСчет=40802810000000012345
ПлательщикИНН=0000000000
Получатель=Банк «Кредитныи»
ПолучательСчет=40702810000000099999
ПолучательИНН=7709998887
НазначениеПлатежа=Платеж по кредиту, договор №778
КонецДокумента
СекцияДокумент=Платежное поручение
Номер=1006
Дата=13.01.2026
Сумма=249556.80
Плательщик=Клиент ООО «Заказчик-7»
ПлательщикСчет=40702810000000099999
ПлательщикИНН=7721220931
Получатель=Наша организация
ПолучательСчет=40802810000000012345
ПолучательИНН=0000000000
НазначениеПлатежа=Оплата по договору оказания услуг
КонецДокумента
СекцияДокумент=Платежное поручение
Номер=1007
Дата=18.01.2026
Сумма=263663.19
Плательщик=Клиент ООО «Заказчик-7»
ПлательщикСчет=40702810000000099999
ПлательщикИНН=7729393157
Получатель=Наша организация
ПолучательСчет=40802810000000012345
ПолучательИНН=0000000000
НазначениеПлатежа=Оплата по договору оказания услуг
КонецДокумента
СекцияДокумент=Платежное поручение
Номер=1008
Дата=25.01.2026
Сумма=420000.00
Плательщик=Наша организация
ПлательщикСчет=40802810000000012345
ПлательщикИНН=0000000000
Получатель=ФОТ сотрудников (реестр)
ПолучательСчет=40702810000000099999
ПолучательИНН=
НазначениеПлатежа=Заработная плата сотрудникам за месяц
КонецДокумента
СекцияДокумент=Платежное поручение
Номер=1009
Дата=26.01.2026
Сумма=80349.22
Плательщик=Клиент ООО «Заказчик-2»
ПлательщикСчет=40702810000000099999
ПлательщикИНН=7769193415
Получатель=Наша организация
ПолучательСчет=40802810000000012345
ПолучательИНН=0000000000
НазначениеПлатежа=Оплата по договору оказания услуг
КонецДокумента
СекцияДокумент=Платежное поручение
Номер=1010
Дата=01.02.2026
Сумма=8000.00
Плательщик=Наша организация
ПлательщикСчет=40802810000000012345
ПлательщикИНН=0000000000
Получатель=Сервис Такое SaaS
ПолучательСчет=40702810000000099999
ПолучательИНН=9909112233
НазначениеПлатежа=Подписка на CRM-систему
КонецДокумента
СекцияДокумент=Платежное поручение
Номер=1011
Дата=05.02.2026
Сумма=180000.00
Плательщик=Наша организация
ПлательщикСчет=40802810000000012345
ПлательщикИНН=0000000000
Получатель=Арендодатель ЗАО «Бизнес-центр»
ПолучательСчет=40702810000000099999
ПолучательИНН=7712345678
НазначениеПлатежа=Аренда офиса
КонецДокумента
СекцияДокумент=Платежное поручение
Номер=1012
Дата=11.02.2026
Сумма=83789.82
Плательщик=Клиент ООО «Заказчик-5»
ПлательщикСчет=40702810000000099999
ПлательщикИНН=7735086213
Получатель=Наша организация
ПолучательСчет=40802810000000012345
ПолучательИНН=0000000000
НазначениеПлатежа=Оплата по договору оказания услуг
КонецДокумента
СекцияДокумент=Платежное поручение
Номер=1013
Дата=12.02.2026
Сумма=55000.00
Плательщик=Наша организация
ПлательщикСчет=40802810000000012345
ПлательщикИНН=0000000000
Получатель=Банк «Кредитныи»
ПолучательСчет=40702810000000099999
ПолучательИНН=7709998887
НазначениеПлатежа=Платеж по кредиту, договор №778
КонецДокумента
СекцияДокумент=Платежное поручение
Номер=1014
Дата=16.02.2026
Сумма=265287.84
Плательщик=Клиент ООО «Заказчик-4»
ПлательщикСчет=40702810000000099999
ПлательщикИНН=7751571970
Получатель=Наша организация
ПолучательСчет=40802810000000012345
ПолучательИНН=0000000000
НазначениеПлатежа=Оплата по договору оказания услуг
КонецДокумента
СекцияДокумент=Платежное поручение
Номер=1015
Дата=20.02.2026
Сумма=90289.82
Плательщик=Клиент ООО «Заказчик-8»
ПлательщикСчет=40702810000000099999
ПлательщикИНН=7789147070
Получатель=Наша организация
ПолучательСчет=40802810000000012345
ПолучательИНН=0000000000
НазначениеПлатежа=Оплата по договору оказания услуг
КонецДокумента
СекцияДокумент=Платежное поручение
Номер=1016
Дата=25.02.2026
Сумма=420000.00
Плательщик=Наша организация
ПлательщикСчет=40802810000000012345
ПлательщикИНН=0000000000
Получатель=ФОТ сотрудников (реестр)
ПолучательСчет=40702810000000099999
ПолучательИНН=
НазначениеПлатежа=Заработная плата сотрудникам за месяц
КонецДокумента
СекцияДокумент=Платежное поручение
Номер=1017
Дата=25.02.2026
Сумма=220129.86
Плательщик=Клиент ООО «Заказчик-2»
ПлательщикСчет=40702810000000099999
ПлательщикИНН=7745841488
Получатель=Наша организация
ПолучательСчет=40802810000000012345
ПолучательИНН=0000000000
НазначениеПлатежа=Оплата по договору оказания услуг
КонецДокумента
СекцияДокумент=Платежное поручение
Номер=1018
Дата=01.03.2026
Сумма=8000.00
Плательщик=Наша организация
ПлательщикСчет=40802810000000012345
ПлательщикИНН=0000000000
Получатель=Сервис Такое SaaS
ПолучательСчет=40702810000000099999
ПолучательИНН=9909112233
НазначениеПлатежа=Подписка на CRM-систему
КонецДокумента
СекцияДокумент=Платежное поручение
Номер=1019
Дата=05.03.2026
Сумма=180000.00
Плательщик=Наша организация
ПлательщикСчет=40802810000000012345
ПлательщикИНН=0000000000
Получатель=Арендодатель ЗАО «Бизнес-центр»
ПолучательСчет=40702810000000099999
ПолучательИНН=7712345678
НазначениеПлатежа=Аренда офиса
КонецДокумента
СекцияДокумент=Платежное поручение
Номер=1020
Дата=07.03.2026
Сумма=206567.87
Плательщик=Клиент ООО «Заказчик-9»
ПлательщикСчет=40702810000000099999
ПлательщикИНН=7723945130
Получатель=Наша организация
ПолучательСчет=40802810000000012345
ПолучательИНН=0000000000
НазначениеПлатежа=Оплата по договору оказания услуг
КонецДокумента
СекцияДокумент=Платежное поручение
Номер=1021
Дата=11.03.2026
Сумма=166906.45
Плательщик=Клиент ООО «Заказчик-1»
ПлательщикСчет=40702810000000099999
ПлательщикИНН=7749658738
Получатель=Наша организация
ПолучательСчет=40802810000000012345
ПолучательИНН=0000000000
НазначениеПлатежа=Оплата по договору оказания услуг
КонецДокумента
СекцияДокумент=Платежное поручение
Номер=1022
Дата=12.03.2026
Сумма=55000.00
Плательщик=Наша организация
ПлательщикСчет=40802810000000012345
ПлательщикИНН=0000000000
Получатель=Банк «Кредитныи»
ПолучательСчет=40702810000000099999
ПолучательИНН=7709998887
НазначениеПлатежа=Платеж по кредиту, договор №778
КонецДокумента
СекцияДокумент=Платежное поручение
Номер=1023
Дата=14.03.2026
Сумма=179956.29
Плательщик=Клиент ООО «Заказчик-2»
ПлательщикСчет=40702810000000099999
ПлательщикИНН=7752142425
Получатель=Наша организация
ПолучательСчет=40802810000000012345
ПолучательИНН=0000000000
НазначениеПлатежа=Оплата по договору оказания услуг
КонецДокумента
СекцияДокумент=Платежное поручение
Номер=1024
Дата=16.03.2026
Сумма=284828.09
Плательщик=Клиент ООО «Заказчик-1»
ПлательщикСчет=40702810000000099999
ПлательщикИНН=7710164277
Получатель=Наша организация
ПолучательСчет=40802810000000012345
ПолучательИНН=0000000000
НазначениеПлатежа=Оплата по договору оказания услуг
КонецДокумента
СекцияДокумент=Платежное поручение
Номер=1025
Дата=24.03.2026
Сумма=216679.32
Плательщик=Клиент ООО «Заказчик-3»
ПлательщикСчет=40702810000000099999
ПлательщикИНН=7794412035
Получатель=Наша организация
ПолучательСчет=40802810000000012345
ПолучательИНН=0000000000
НазначениеПлатежа=Оплата по договору оказания услуг
КонецДокумента
СекцияДокумент=Платежное поручение
Номер=1026
Дата=25.03.2026
Сумма=420000.00
Плательщик=Наша организация
ПлательщикСчет=40802810000000012345
ПлательщикИНН=0000000000
Получатель=ФОТ сотрудников (реестр)
ПолучательСчет=40702810000000099999
ПолучательИНН=
НазначениеПлатежа=Заработная плата сотрудникам за месяц
КонецДокумента
КонецФайла
