1CClientBankExchange
ВерсияФормата=1.03
Кодировка=Windows
РасчСчет=40802810000000012345
СекцияРасчСчет
РасчСчет=40802810000000012345
КонецРасчСчет
СекцияДокумент=Платежное поручение
Номер=1001
Дата=01.04.2026
Сумма=8000.00
Плательщик=Наша организация
ПлательщикСчет=40802810000000012345
ПлательщикИНН=0000000000
Получатель=Сервис Такое SaaS
ПолучательСчет=40702810000000099999
ПолучательИНН=9909112233
НазначениеПлатежа=Подписка на CRM-систему
КонецДокумента
СекцияДокумент=Платежное поручение
Номер=1002
Дата=05.04.2026
Сумма=180000.00
Плательщик=Наша организация
ПлательщикСчет=40802810000000012345
ПлательщикИНН=0000000000
Получатель=Арендодатель ЗАО «Бизнес-центр»
ПолучательСчет=40702810000000099999
ПолучательИНН=7712345678
НазначениеПлатежа=Аренда офиса
КонецДокумента
СекцияДокумент=Платежное поручение
Номер=1003
Дата=12.04.2026
Сумма=55000.00
Плательщик=Наша организация
ПлательщикСчет=40802810000000012345
ПлательщикИНН=0000000000
Получатель=Банк «Кредитныи»
ПолучательСчет=40702810000000099999
ПолучательИНН=7709998887
НазначениеПлатежа=Платеж по кредиту, договор №778
КонецДокумента
СекцияДокумент=Платежное поручение
Номер=1004
Дата=15.04.2026
Сумма=163373.47
Плательщик=Клиент ООО «Заказчик-6»
ПлательщикСчет=40702810000000099999
ПлательщикИНН=7728278884
Получатель=Наша организация
ПолучательСчет=40802810000000012345
ПолучательИНН=0000000000
НазначениеПлатежа=Оплата по договору оказания услуг
КонецДокумента
СекцияДокумент=Платежное поручение
Номер=1005
Дата=17.04.2026
Сумма=229690.83
Плательщик=Клиент ООО «Заказчик-3»
ПлательщикСчет=40702810000000099999
ПлательщикИНН=7772990633
Получатель=Наша организация
ПолучательСчет=40802810000000012345
ПолучательИНН=0000000000
НазначениеПлатежа=Оплата по договору оказания услуг
КонецДокумента
СекцияДокумент=Платежное поручение
Номер=1006
Дата=25.04.2026
Сумма=420000.00
Плательщик=Наша организация
ПлательщикСчет=40802810000000012345
ПлательщикИНН=0000000000
Получатель=ФОТ сотрудников (реестр)
ПолучательСчет=40702810000000099999
ПолучательИНН=
НазначениеПлатежа=Заработная плата сотрудникам за месяц
КонецДокумента
СекцияДокумент=Платежное поручение
Номер=1007
Дата=25.04.2026
Сумма=427004.86
Плательщик=Наша организация
ПлательщикСчет=40802810000000012345
ПлательщикИНН=0000000000
Получатель=ФНС России
ПолучательСчет=40702810000000099999
ПолучательИНН=7727406020
НазначениеПлатежа=Авансовыи платеж УСН 15% за 1 квартал 2026
КонецДокумента
СекцияДокумент=Платежное поручение
Номер=1008
Дата=26.04.2026
Сумма=273223.78
Плательщик=Клиент ООО «Заказчик-6»
ПлательщикСчет=40702810000000099999
ПлательщикИНН=7723038960
Получатель=Наша организация
ПолучательСчет=40802810000000012345
ПолучательИНН=0000000000
НазначениеПлатежа=Оплата по договору оказания услуг
КонецДокумента
СекцияДокумент=Платежное поручение
Номер=1009
Дата=01.05.2026
Сумма=8000.00
Плательщик=Наша организация
ПлательщикСчет=40802810000000012345
ПлательщикИНН=0000000000
Получатель=Сервис Такое SaaS
ПолучательСчет=40702810000000099999
ПолучательИНН=9909112233
НазначениеПлатежа=Подписка на CRM-систему
КонецДокумента
СекцияДокумент=Платежное поручение
Номер=1010
Дата=03.05.2026
Сумма=163994.08
Плательщик=Клиент ООО «Заказчик-3»
ПлательщикСчет=40702810000000099999
ПлательщикИНН=7746373081
Получатель=Наша организация
ПолучательСчет=40802810000000012345
ПолучательИНН=0000000000
НазначениеПлатежа=Оплата по договору оказания услуг
КонецДокумента
СекцияДокумент=Платежное поручение
Номер=1011
Дата=05.05.2026
Сумма=180000.00
Плательщик=Наша организация
ПлательщикСчет=40802810000000012345
ПлательщикИНН=0000000000
Получатель=Арендодатель ЗАО «Бизнес-центр»
ПолучательСчет=40702810000000099999
ПолучательИНН=7712345678
НазначениеПлатежа=Аренда офиса
КонецДокумента
СекцияДокумент=Платежное поручение
Номер=1012
Дата=12.05.2026
Сумма=55000.00
Плательщик=Наша организация
ПлательщикСчет=40802810000000012345
ПлательщикИНН=0000000000
Получатель=Банк «Кредитныи»
ПолучательСчет=40702810000000099999
ПолучательИНН=7709998887
НазначениеПлатежа=Платеж по кредиту, договор №778
КонецДокумента
СекцияДокумент=Платежное поручение
Номер=1013
Дата=16.05.2026
Сумма=129707.81
Плательщик=Клиент ООО «Заказчик-7»
ПлательщикСчет=40702810000000099999
ПлательщикИНН=7770159557
Получатель=Наша организация
ПолучательСчет=40802810000000012345
ПолучательИНН=0000000000
НазначениеПлатежа=Оплата по договору оказания услуг
КонецДокумента
СекцияДокумент=Платежное поручение
Номер=1014
Дата=18.05.2026
Сумма=225655.95
Плательщик=Клиент ООО «Заказчик-8»
ПлательщикСчет=40702810000000099999
ПлательщикИНН=7794302754
Получатель=Наша организация
ПолучательСчет=40802810000000012345
ПолучательИНН=0000000000
НазначениеПлатежа=Оплата по договору оказания услуг
КонецДокумента
СекцияДокумент=Платежное поручение
Номер=1015
Дата=21.05.2026
Сумма=163502.40
Плательщик=Клиент ООО «Заказчик-3»
ПлательщикСчет=40702810000000099999
ПлательщикИНН=7765119610
Получатель=Наша организация
ПолучательСчет=40802810000000012345
ПолучательИНН=0000000000
НазначениеПлатежа=Оплата по договору оказания услуг
КонецДокумента
СекцияДокумент=Платежное поручение
Номер=1016
Дата=25.05.2026
Сумма=420000.00
Плательщик=Наша организация
ПлательщикСчет=40802810000000012345
ПлательщикИНН=0000000000
Получатель=ФОТ сотрудников (реестр)
ПолучательСчет=40702810000000099999
ПолучательИНН=
НазначениеПлатежа=Заработная плата сотрудникам за месяц
КонецДокумента
СекцияДокумент=Платежное поручение
Номер=1017
Дата=26.05.2026
Сумма=141739.30
Плательщик=Клиент ООО «Заказчик-3»
ПлательщикСчет=40702810000000099999
ПлательщикИНН=7703322306
Получатель=Наша организация
ПолучательСчет=40802810000000012345
ПолучательИНН=0000000000
НазначениеПлатежа=Оплата по договору оказания услуг
КонецДокумента
СекцияДокумент=Платежное поручение
Номер=1018
Дата=01.06.2026
Сумма=8000.00
Плательщик=Наша организация
ПлательщикСчет=40802810000000012345
ПлательщикИНН=0000000000
Получатель=Сервис Такое SaaS
ПолучательСчет=40702810000000099999
ПолучательИНН=9909112233
НазначениеПлатежа=Подписка на CRM-систему
КонецДокумента
СекцияДокумент=Платежное поручение
Номер=1019
Дата=05.06.2026
Сумма=180000.00
Плательщик=Наша организация
ПлательщикСчет=40802810000000012345
ПлательщикИНН=0000000000
Получатель=Арендодатель ЗАО «Бизнес-центр»
ПолучательСчет=40702810000000099999
ПолучательИНН=7712345678
НазначениеПлатежа=Аренда офиса
КонецДокумента
СекцияДокумент=Платежное поручение
Номер=1020
Дата=10.06.2026
Сумма=236017.02
Плательщик=Клиент ООО «Заказчик-7»
ПлательщикСчет=40702810000000099999
ПлательщикИНН=7767186463
Получатель=Наша организация
ПолучательСчет=40802810000000012345
ПолучательИНН=0000000000
НазначениеПлатежа=Оплата по договору оказания услуг
КонецДокумента
СекцияДокумент=Платежное поручение
Номер=1021
Дата=12.06.2026
Сумма=55000.00
Плательщик=Наша организация
ПлательщикСчет=40802810000000012345
ПлательщикИНН=0000000000
Получатель=Банк «Кредитныи»
ПолучательСчет=40702810000000099999
ПолучательИНН=7709998887
НазначениеПлатежа=Платеж по кредиту, договор №778
КонецДокумента
СекцияДокумент=Платежное поручение
Номер=1022
Дата=20.06.2026
Сумма=247993.37
Плательщик=Клиент ООО «Заказчик-2»
ПлательщикСчет=40702810000000099999
ПлательщикИНН=7725423897
Получатель=Наша организация
ПолучательСчет=40802810000000012345
ПолучательИНН=0000000000
НазначениеПлатежа=Оплата по договору оказания услуг
КонецДокумента
СекцияДокумент=Платежное поручение
Номер=1023
Дата=23.06.2026
Сумма=99223.35
Плательщик=Клиент ООО «Заказчик-2»
ПлательщикСчет=40702810000000099999
ПлательщикИНН=7783470247
Получатель=Наша организация
ПолучательСчет=40802810000000012345
ПолучательИНН=0000000000
НазначениеПлатежа=Оплата по договору оказания услуг
КонецДокумента
СекцияДокумент=Платежное поручение
Номер=1024
Дата=25.06.2026
Сумма=420000.00
Плательщик=Наша организация
ПлательщикСчет=40802810000000012345
ПлательщикИНН=0000000000
Получатель=ФОТ сотрудников (реестр)
ПолучательСчет=40702810000000099999
ПолучательИНН=
НазначениеПлатежа=Заработная плата сотрудникам за месяц
КонецДокумента
КонецФайла
