1CClientBankExchange
ВерсияФормата=1.03
Кодировка=Windows
РасчСчет=40802810000000012345
СекцияРасчСчет
РасчСчет=40802810000000012345
КонецРасчСчет
СекцияДокумент=Платежное поручение
Номер=1001
Дата=01.07.2026
Сумма=8000.00
Плательщик=Наша организация
ПлательщикСчет=40802810000000012345
ПлательщикИНН=0000000000
Получатель=Сервис Такое SaaS
ПолучательСчет=40702810000000099999
ПолучательИНН=9909112233
НазначениеПлатежа=Подписка на CRM-систему
КонецДокумента
СекцияДокумент=Платежное поручение
Номер=1002
Дата=01.07.2026
Сумма=950000.00
Плательщик=Наша организация
ПлательщикСчет=40802810000000012345
ПлательщикИНН=0000000000
Получатель=Поставщик ООО «Субподрядчик Плюс»
ПолучательСчет=40702810000000099999
ПолучательИНН=5029887766
НазначениеПлатежа=Предоплата 100% за услуги субподряда по договору №112
КонецДокумента
СекцияДокумент=Платежное поручение
Номер=1003
Дата=05.07.2026
Сумма=180000.00
Плательщик=Наша организация
ПлательщикСчет=40802810000000012345
ПлательщикИНН=0000000000
Получатель=Арендодатель ЗАО «Бизнес-центр»
ПолучательСчет=40702810000000099999
ПолучательИНН=7712345678
НазначениеПлатежа=Аренда офиса
КонецДокумента
СекцияДокумент=Платежное поручение
Номер=1004
Дата=12.07.2026
Сумма=55000.00
Плательщик=Наша организация
ПлательщикСчет=40802810000000012345
ПлательщикИНН=0000000000
Получатель=Банк «Кредитныи»
ПолучательСчет=40702810000000099999
ПолучательИНН=7709998887
НазначениеПлатежа=Платеж по кредиту, договор №778
КонецДокумента
СекцияДокумент=Платежное поручение
Номер=1005
Дата=15.07.2026
Сумма=281965.13
Плательщик=Клиент ООО «Заказчик-8»
ПлательщикСчет=40702810000000099999
ПлательщикИНН=7757973658
Получатель=Наша организация
ПолучательСчет=40802810000000012345
ПолучательИНН=0000000000
НазначениеПлатежа=Оплата по договору оказания услуг
КонецДокумента
СекцияДокумент=Платежное поручение
Номер=1006
Дата=16.07.2026
Сумма=154593.72
Плательщик=Клиент ООО «Заказчик-8»
ПлательщикСчет=40702810000000099999
ПлательщикИНН=7782707281
Получатель=Наша организация
ПолучательСчет=40802810000000012345
ПолучательИНН=0000000000
НазначениеПлатежа=Оплата по договору оказания услуг
КонецДокумента
СекцияДокумент=Платежное поручение
Номер=1007
Дата=17.07.2026
Сумма=274270.37
Плательщик=Клиент ООО «Заказчик-2»
ПлательщикСчет=40702810000000099999
ПлательщикИНН=7723009845
Получатель=Наша организация
ПолучательСчет=40802810000000012345
ПолучательИНН=0000000000
НазначениеПлатежа=Оплата по договору оказания услуг
КонецДокумента
СекцияДокумент=Платежное поручение
Номер=1008
Дата=18.07.2026
Сумма=89715.13
Плательщик=Клиент ООО «Заказчик-9»
ПлательщикСчет=40702810000000099999
ПлательщикИНН=7758732676
Получатель=Наша организация
ПолучательСчет=40802810000000012345
ПолучательИНН=0000000000
НазначениеПлатежа=Оплата по договору оказания услуг
КонецДокумента
СекцияДокумент=Платежное поручение
Номер=1009
Дата=20.07.2026
Сумма=1100000.00
Плательщик=Клиент ООО «Крупныи заказчик»
ПлательщикСчет=40702810000000099999
ПлательщикИНН=7788990011
Получатель=Наша организация
ПолучательСчет=40802810000000012345
ПолучательИНН=0000000000
НазначениеПлатежа=Оплата по договору №501 за проект
КонецДокумента
СекцияДокумент=Платежное поручение
Номер=1010
Дата=25.07.2026
Сумма=420000.00
Плательщик=Наша организация
ПлательщикСчет=40802810000000012345
ПлательщикИНН=0000000000
Получатель=ФОТ сотрудников (реестр)
ПолучательСчет=40702810000000099999
ПолучательИНН=
НазначениеПлатежа=Заработная плата сотрудникам за месяц
КонецДокумента
СекцияДокумент=Платежное поручение
Номер=1011
Дата=25.07.2026
Сумма=311118.20
Плательщик=Наша организация
ПлательщикСчет=40802810000000012345
ПлательщикИНН=0000000000
Получатель=ФНС России
ПолучательСчет=40702810000000099999
ПолучательИНН=7727406020
НазначениеПлатежа=Авансовыи платеж УСН 15% за 2 квартал 2026
КонецДокумента
СекцияДокумент=Платежное поручение
Номер=1012
Дата=27.07.2026
Сумма=185424.91
Плательщик=Клиент ООО «Заказчик-6»
ПлательщикСчет=40702810000000099999
ПлательщикИНН=7700616112
Получатель=Наша организация
ПолучательСчет=40802810000000012345
ПолучательИНН=0000000000
НазначениеПлатежа=Оплата по договору оказания услуг
КонецДокумента
СекцияДокумент=Платежное поручение
Номер=1013
Дата=01.08.2026
Сумма=8000.00
Плательщик=Наша организация
ПлательщикСчет=40802810000000012345
ПлательщикИНН=0000000000
Получатель=Сервис Такое SaaS
ПолучательСчет=40702810000000099999
ПолучательИНН=9909112233
НазначениеПлатежа=Подписка на CRM-систему
КонецДокумента
СекцияДокумент=Платежное поручение
Номер=1014
Дата=01.08.2026
Сумма=250371.87
Плательщик=Клиент ООО «Заказчик-1»
ПлательщикСчет=40702810000000099999
ПлательщикИНН=7797939285
Получатель=Наша организация
ПолучательСчет=40802810000000012345
ПолучательИНН=0000000000
НазначениеПлатежа=Оплата по договору оказания услуг
КонецДокумента
СекцияДокумент=Платежное поручение
Номер=1015
Дата=03.08.2026
Сумма=254620.99
Плательщик=Клиент ООО «Заказчик-2»
ПлательщикСчет=40702810000000099999
ПлательщикИНН=7744678892
Получатель=Наша организация
ПолучательСчет=40802810000000012345
ПолучательИНН=0000000000
НазначениеПлатежа=Оплата по договору оказания услуг
КонецДокумента
СекцияДокумент=Платежное поручение
Номер=1016
Дата=05.08.2026
Сумма=180000.00
Плательщик=Наша организация
ПлательщикСчет=40802810000000012345
ПлательщикИНН=0000000000
Получатель=Арендодатель ЗАО «Бизнес-центр»
ПолучательСчет=40702810000000099999
ПолучательИНН=7712345678
НазначениеПлатежа=Аренда офиса
КонецДокумента
СекцияДокумент=Платежное поручение
Номер=1017
Дата=05.08.2026
Сумма=293393.77
Плательщик=Клиент ООО «Заказчик-2»
ПлательщикСчет=40702810000000099999
ПлательщикИНН=7791857483
Получатель=Наша организация
ПолучательСчет=40802810000000012345
ПолучательИНН=0000000000
НазначениеПлатежа=Оплата по договору оказания услуг
КонецДокумента
СекцияДокумент=Платежное поручение
Номер=1018
Дата=11.08.2026
Сумма=233501.89
Плательщик=Клиент ООО «Заказчик-5»
ПлательщикСчет=40702810000000099999
ПлательщикИНН=7778317529
Получатель=Наша организация
ПолучательСчет=40802810000000012345
ПолучательИНН=0000000000
НазначениеПлатежа=Оплата по договору оказания услуг
КонецДокумента
СекцияДокумент=Платежное поручение
Номер=1019
Дата=12.08.2026
Сумма=55000.00
Плательщик=Наша организация
ПлательщикСчет=40802810000000012345
ПлательщикИНН=0000000000
Получатель=Банк «Кредитныи»
ПолучательСчет=40702810000000099999
ПолучательИНН=7709998887
НазначениеПлатежа=Платеж по кредиту, договор №778
КонецДокумента
СекцияДокумент=Платежное поручение
Номер=1020
Дата=23.08.2026
Сумма=267212.50
Плательщик=Клиент ООО «Заказчик-7»
ПлательщикСчет=40702810000000099999
ПлательщикИНН=7776565962
Получатель=Наша организация
ПолучательСчет=40802810000000012345
ПолучательИНН=0000000000
НазначениеПлатежа=Оплата по договору оказания услуг
КонецДокумента
СекцияДокумент=Платежное поручение
Номер=1021
Дата=25.08.2026
Сумма=420000.00
Плательщик=Наша организация
ПлательщикСчет=40802810000000012345
ПлательщикИНН=0000000000
Получатель=ФОТ сотрудников (реестр)
ПолучательСчет=40702810000000099999
ПолучательИНН=
НазначениеПлатежа=Заработная плата сотрудникам за месяц
КонецДокумента
СекцияДокумент=Платежное поручение
Номер=1022
Дата=01.09.2026
Сумма=8000.00
Плательщик=Наша организация
ПлательщикСчет=40802810000000012345
ПлательщикИНН=0000000000
Получатель=Сервис Такое SaaS
ПолучательСчет=40702810000000099999
ПолучательИНН=9909112233
НазначениеПлатежа=Подписка на CRM-систему
КонецДокумента
СекцияДокумент=Платежное поручение
Номер=1023
Дата=05.09.2026
Сумма=180000.00
Плательщик=Наша организация
ПлательщикСчет=40802810000000012345
ПлательщикИНН=0000000000
Получатель=Арендодатель ЗАО «Бизнес-центр»
ПолучательСчет=40702810000000099999
ПолучательИНН=7712345678
НазначениеПлатежа=Аренда офиса
КонецДокумента
СекцияДокумент=Платежное поручение
Номер=1024
Дата=09.09.2026
Сумма=81576.58
Плательщик=Клиент ООО «Заказчик-7»
ПлательщикСчет=40702810000000099999
ПлательщикИНН=7757174364
Получатель=Наша организация
ПолучательСчет=40802810000000012345
ПолучательИНН=0000000000
НазначениеПлатежа=Оплата по договору оказания услуг
КонецДокумента
СекцияДокумент=Платежное поручение
Номер=1025
Дата=11.09.2026
Сумма=284235.09
Плательщик=Клиент ООО «Заказчик-2»
ПлательщикСчет=40702810000000099999
ПлательщикИНН=7756821714
Получатель=Наша организация
ПолучательСчет=40802810000000012345
ПолучательИНН=0000000000
НазначениеПлатежа=Оплата по договору оказания услуг
КонецДокумента
СекцияДокумент=Платежное поручение
Номер=1026
Дата=12.09.2026
Сумма=55000.00
Плательщик=Наша организация
ПлательщикСчет=40802810000000012345
ПлательщикИНН=0000000000
Получатель=Банк «Кредитныи»
ПолучательСчет=40702810000000099999
ПолучательИНН=7709998887
НазначениеПлатежа=Платеж по кредиту, договор №778
КонецДокумента
СекцияДокумент=Платежное поручение
Номер=1027
Дата=19.09.2026
Сумма=215593.51
Плательщик=Клиент ООО «Заказчик-1»
ПлательщикСчет=40702810000000099999
ПлательщикИНН=7794902391
Получатель=Наша организация
ПолучательСчет=40802810000000012345
ПолучательИНН=0000000000
НазначениеПлатежа=Оплата по договору оказания услуг
КонецДокумента
СекцияДокумент=Платежное поручение
Номер=1028
Дата=25.09.2026
Сумма=420000.00
Плательщик=Наша организация
ПлательщикСчет=40802810000000012345
ПлательщикИНН=0000000000
Получатель=ФОТ сотрудников (реестр)
ПолучательСчет=40702810000000099999
ПолучательИНН=
НазначениеПлатежа=Заработная плата сотрудникам за месяц
КонецДокумента
СекцияДокумент=Платежное поручение
Номер=1029
Дата=25.09.2026
Сумма=125829.71
Плательщик=Клиент ООО «Заказчик-4»
ПлательщикСчет=40702810000000099999
ПлательщикИНН=7730563056
Получатель=Наша организация
ПолучательСчет=40802810000000012345
ПолучательИНН=0000000000
НазначениеПлатежа=Оплата по договору оказания услуг
КонецДокумента
КонецФайла
