1CClientBankExchange
ВерсияФормата=1.03
Кодировка=Windows
РасчСчет=40802810000000012345
СекцияРасчСчет
РасчСчет=40802810000000012345
КонецРасчСчет
СекцияДокумент=Платежное поручение
Номер=1001
Дата=01.10.2026
Сумма=8000.00
Плательщик=Наша организация
ПлательщикСчет=40802810000000012345
ПлательщикИНН=0000000000
Получатель=Сервис Такое SaaS
ПолучательСчет=40702810000000099999
ПолучательИНН=9909112233
НазначениеПлатежа=Подписка на CRM-систему
КонецДокумента
СекцияДокумент=Платежное поручение
Номер=1002
Дата=03.10.2026
Сумма=188433.91
Плательщик=Клиент ООО «Заказчик-6»
ПлательщикСчет=40702810000000099999
ПлательщикИНН=7754487710
Получатель=Наша организация
ПолучательСчет=40802810000000012345
ПолучательИНН=0000000000
НазначениеПлатежа=Оплата по договору оказания услуг
КонецДокумента
СекцияДокумент=Платежное поручение
Номер=1003
Дата=04.10.2026
Сумма=212987.25
Плательщик=Клиент ООО «Заказчик-7»
ПлательщикСчет=40702810000000099999
ПлательщикИНН=7703156798
Получатель=Наша организация
ПолучательСчет=40802810000000012345
ПолучательИНН=0000000000
НазначениеПлатежа=Оплата по договору оказания услуг
КонецДокумента
СекцияДокумент=Платежное поручение
Номер=1004
Дата=05.10.2026
Сумма=180000.00
Плательщик=Наша организация
ПлательщикСчет=40802810000000012345
ПлательщикИНН=0000000000
Получатель=Арендодатель ЗАО «Бизнес-центр»
ПолучательСчет=40702810000000099999
ПолучательИНН=7712345678
НазначениеПлатежа=Аренда офиса
КонецДокумента
СекцияДокумент=Платежное поручение
Номер=1005
Дата=07.10.2026
Сумма=279346.62
Плательщик=Клиент ООО «Заказчик-6»
ПлательщикСчет=40702810000000099999
ПлательщикИНН=7734972359
Получатель=Наша организация
ПолучательСчет=40802810000000012345
ПолучательИНН=0000000000
НазначениеПлатежа=Оплата по договору оказания услуг
КонецДокумента
СекцияДокумент=Платежное поручение
Номер=1006
Дата=12.10.2026
Сумма=55000.00
Плательщик=Наша организация
ПлательщикСчет=40802810000000012345
ПлательщикИНН=0000000000
Получатель=Банк «Кредитныи»
ПолучательСчет=40702810000000099999
ПолучательИНН=7709998887
НазначениеПлатежа=Платеж по кредиту, договор №778
КонецДокумента
СекцияДокумент=Платежное поручение
Номер=1007
Дата=25.10.2026
Сумма=420000.00
Плательщик=Наша организация
ПлательщикСчет=40802810000000012345
ПлательщикИНН=0000000000
Получатель=ФОТ сотрудников (реестр)
ПолучательСчет=40702810000000099999
ПолучательИНН=
НазначениеПлатежа=Заработная плата сотрудникам за месяц
КонецДокумента
СекцияДокумент=Платежное поручение
Номер=1008
Дата=25.10.2026
Сумма=471345.78
Плательщик=Наша организация
ПлательщикСчет=40802810000000012345
ПлательщикИНН=0000000000
Получатель=ФНС России
ПолучательСчет=40702810000000099999
ПолучательИНН=7727406020
НазначениеПлатежа=Авансовыи платеж УСН 15% за 3 квартал 2026
КонецДокумента
СекцияДокумент=Платежное поручение
Номер=1009
Дата=01.11.2026
Сумма=8000.00
Плательщик=Наша организация
ПлательщикСчет=40802810000000012345
ПлательщикИНН=0000000000
Получатель=Сервис Такое SaaS
ПолучательСчет=40702810000000099999
ПолучательИНН=9909112233
НазначениеПлатежа=Подписка на CRM-систему
КонецДокумента
СекцияДокумент=Платежное поручение
Номер=1010
Дата=05.11.2026
Сумма=180000.00
Плательщик=Наша организация
ПлательщикСчет=40802810000000012345
ПлательщикИНН=0000000000
Получатель=Арендодатель ЗАО «Бизнес-центр»
ПолучательСчет=40702810000000099999
ПолучательИНН=7712345678
НазначениеПлатежа=Аренда офиса
КонецДокумента
СекцияДокумент=Платежное поручение
Номер=1011
Дата=07.11.2026
Сумма=236022.51
Плательщик=Клиент ООО «Заказчик-9»
ПлательщикСчет=40702810000000099999
ПлательщикИНН=7701335594
Получатель=Наша организация
ПолучательСчет=40802810000000012345
ПолучательИНН=0000000000
НазначениеПлатежа=Оплата по договору оказания услуг
КонецДокумента
СекцияДокумент=Платежное поручение
Номер=1012
Дата=09.11.2026
Сумма=91886.56
Плательщик=Клиент ООО «Заказчик-1»
ПлательщикСчет=40702810000000099999
ПлательщикИНН=7759898245
Получатель=Наша организация
ПолучательСчет=40802810000000012345
ПолучательИНН=0000000000
НазначениеПлатежа=Оплата по договору оказания услуг
КонецДокумента
СекцияДокумент=Платежное поручение
Номер=1013
Дата=12.11.2026
Сумма=55000.00
Плательщик=Наша организация
ПлательщикСчет=40802810000000012345
ПлательщикИНН=0000000000
Получатель=Банк «Кредитныи»
ПолучательСчет=40702810000000099999
ПолучательИНН=7709998887
НазначениеПлатежа=Платеж по кредиту, договор №778
КонецДокумента
СекцияДокумент=Платежное поручение
Номер=1014
Дата=12.11.2026
Сумма=128448.28
Плательщик=Клиент ООО «Заказчик-4»
ПлательщикСчет=40702810000000099999
ПлательщикИНН=7707399294
Получатель=Наша организация
ПолучательСчет=40802810000000012345
ПолучательИНН=0000000000
НазначениеПлатежа=Оплата по договору оказания услуг
КонецДокумента
СекцияДокумент=Платежное поручение
Номер=1015
Дата=25.11.2026
Сумма=420000.00
Плательщик=Наша организация
ПлательщикСчет=40802810000000012345
ПлательщикИНН=0000000000
Получатель=ФОТ сотрудников (реестр)
ПолучательСчет=40702810000000099999
ПолучательИНН=
НазначениеПлатежа=Заработная плата сотрудникам за месяц
КонецДокумента
СекцияДокумент=Платежное поручение
Номер=1016
Дата=01.12.2026
Сумма=8000.00
Плательщик=Наша организация
ПлательщикСчет=40802810000000012345
ПлательщикИНН=0000000000
Получатель=Сервис Такое SaaS
ПолучательСчет=40702810000000099999
ПолучательИНН=9909112233
НазначениеПлатежа=Подписка на CRM-систему
КонецДокумента
СекцияДокумент=Платежное поручение
Номер=1017
Дата=01.12.2026
Сумма=262983.25
Плательщик=Клиент ООО «Заказчик-1»
ПлательщикСчет=40702810000000099999
ПлательщикИНН=7728024995
Получатель=Наша организация
ПолучательСчет=40802810000000012345
ПолучательИНН=0000000000
НазначениеПлатежа=Оплата по договору оказания услуг
КонецДокумента
СекцияДокумент=Платежное поручение
Номер=1018
Дата=05.12.2026
Сумма=180000.00
Плательщик=Наша организация
ПлательщикСчет=40802810000000012345
ПлательщикИНН=0000000000
Получатель=Арендодатель ЗАО «Бизнес-центр»
ПолучательСчет=40702810000000099999
ПолучательИНН=7712345678
НазначениеПлатежа=Аренда офиса
КонецДокумента
СекцияДокумент=Платежное поручение
Номер=1019
Дата=06.12.2026
Сумма=263334.38
Плательщик=Клиент ООО «Заказчик-7»
ПлательщикСчет=40702810000000099999
ПлательщикИНН=7755350941
Получатель=Наша организация
ПолучательСчет=40802810000000012345
ПолучательИНН=0000000000
НазначениеПлатежа=Оплата по договору оказания услуг
КонецДокумента
СекцияДокумент=Платежное поручение
Номер=1020
Дата=12.12.2026
Сумма=55000.00
Плательщик=Наша организация
ПлательщикСчет=40802810000000012345
ПлательщикИНН=0000000000
Получатель=Банк «Кредитныи»
ПолучательСчет=40702810000000099999
ПолучательИНН=7709998887
НазначениеПлатежа=Платеж по кредиту, договор №778
КонецДокумента
СекцияДокумент=Платежное поручение
Номер=1021
Дата=18.12.2026
Сумма=200742.04
Плательщик=Клиент ООО «Заказчик-6»
ПлательщикСчет=40702810000000099999
ПлательщикИНН=7729028654
Получатель=Наша организация
ПолучательСчет=40802810000000012345
ПолучательИНН=0000000000
НазначениеПлатежа=Оплата по договору оказания услуг
КонецДокумента
СекцияДокумент=Платежное поручение
Номер=1022
Дата=25.12.2026
Сумма=420000.00
Плательщик=Наша организация
ПлательщикСчет=40802810000000012345
ПлательщикИНН=0000000000
Получатель=ФОТ сотрудников (реестр)
ПолучательСчет=40702810000000099999
ПолучательИНН=
НазначениеПлатежа=Заработная плата сотрудникам за месяц
КонецДокумента
СекцияДокумент=Платежное поручение
Номер=1023
Дата=26.12.2026
Сумма=83738.71
Плательщик=Клиент ООО «Заказчик-6»
ПлательщикСчет=40702810000000099999
ПлательщикИНН=7768694921
Получатель=Наша организация
ПолучательСчет=40802810000000012345
ПолучательИНН=0000000000
НазначениеПлатежа=Оплата по договору оказания услуг
КонецДокумента
СекцияДокумент=Платежное поручение
Номер=1024
Дата=27.12.2026
Сумма=92025.85
Плательщик=Клиент ООО «Заказчик-6»
ПлательщикСчет=40702810000000099999
ПлательщикИНН=7722053532
Получатель=Наша организация
ПолучательСчет=40802810000000012345
ПолучательИНН=0000000000
НазначениеПлатежа=Оплата по договору оказания услуг
КонецДокумента
СекцияДокумент=Платежное поручение
Номер=1025
Дата=28.12.2026
Сумма=305992.40
Плательщик=Наша организация
ПлательщикСчет=40802810000000012345
ПлательщикИНН=0000000000
Получатель=ФНС России
ПолучательСчет=40702810000000099999
ПолучательИНН=7727406020
НазначениеПлатежа=Авансовыи платеж УСН 15% за 4 квартал 2026
КонецДокумента
КонецФайла
