1CClientBankExchange
ВерсияФормата=1.03
Кодировка=Windows
Отправитель=БанкПример
Получатель=
ДатаНачала=01.01.2026
ДатаКонца=31.03.2026
РасчСчет=40702810100000001234
КонецСекции=РасчСчет

СекцияДокумент=Платежное поручение
Номер=1
Дата=12.01.2026
Сумма=150000.00
ПлательщикСчет=40702810100000001234
Плательщик=ООО Ромашка
ПлательщикИНН=7701234567
ПолучательСчет=40702810200000005678
Получатель=ИП Петров Иван Сергеевич
ПолучательИНН=771234567890
НазначениеПлатежа=Оплата по договору 45 от 10.01.2026 за консультационные услуги
КонецДокумента

СекцияДокумент=Платежное поручение
Номер=2
Дата=15.01.2026
Сумма=75000.00
ПлательщикСчет=40702810300000009999
Плательщик=АО Технологии
ПлательщикИНН=7709876543
ПолучательСчет=40702810100000001234
Получатель=ООО Ромашка
ПолучательИНН=7701234567
НазначениеПлатежа=Оплата за поставку оборудования по счету 12 от 14.01.2026
КонецДокумента

СекцияДокумент=Платежное поручение
Номер=3
Дата=20.01.2026
Сумма=320000.00
ПлательщикСчет=40702810100000001234
Плательщик=ООО Ромашка
ПлательщикИНН=7701234567
ПолучательСчет=40702810400000007777
Получатель=ООО СтройМастер
ПолучательИНН=7712345678
НазначениеПлатежа=Оплата по договору подряда 7 от 18.01.2026 за строительные работы
КонецДокумента

СекцияДокумент=Платежное поручение
Номер=4
Дата=25.01.2026
Сумма=48500.00
ПлательщикСчет=40702810500000003333
Плательщик=ПАО Энергосбыт
ПлательщикИНН=7723456789
ПолучательСчет=40702810100000001234
Получатель=ООО Ромашка
ПолучательИНН=7701234567
НазначениеПлатежа=Возврат переплаты по договору 88 от 20.01.2026
КонецДокумента

СекцияДокумент=Платежное поручение
Номер=5
Дата=03.02.2026
Сумма=210000.00
ПлательщикСчет=40702810100000001234
Плательщик=ООО Ромашка
ПлательщикИНН=7701234567
ПолучательСчет=40702810600000002222
Получатель=ООО Логистик Групп
ПолучательИНН=7734567890
НазначениеПлатежа=Оплата транспортных услуг по счету 34 от 01.02.2026
КонецДокумента

СекцияДокумент=Платежное поручение
Номер=6
Дата=10.02.2026
Сумма=95000.00
ПлательщикСчет=40702810700000006666
Плательщик=ООО Альфа Трейд
ПлательщикИНН=7745678901
ПолучательСчет=40702810100000001234
Получатель=ООО Ромашка
ПолучательИНН=7701234567
НазначениеПлатежа=Оплата товара по накладной 56 от 09.02.2026
КонецДокумента

СекцияДокумент=Платежное поручение
Номер=7
Дата=18.02.2026
Сумма=63000.00
ПлательщикСчет=40702810100000001234
Плательщик=ООО Ромашка
ПлательщикИНН=7701234567
ПолучательСчет=40702810800000004444
Получатель=ИП Сидоров Алексей Владимирович
ПолучательИНН=781234567890
НазначениеПлатежа=Оплата по акту 23 от 17.02.2026 за ремонтные работы
КонецДокумента

СекцияДокумент=Платежное поручение
Номер=8
Дата=25.02.2026
Сумма=500000.00
ПлательщикСчет=40702810900000008888
Плательщик=АО ИнвестКапитал
ПлательщикИНН=7756789012
ПолучательСчет=40702810100000001234
Получатель=ООО Ромашка
ПолучательИНН=7701234567
НазначениеПлатежа=Оплата по инвестиционному договору 1 от 01.02.2026
КонецДокумента

СекцияДокумент=Платежное поручение
Номер=9
Дата=05.03.2026
Сумма=128000.00
ПлательщикСчет=40702810100000001234
Плательщик=ООО Ромашка
ПлательщикИНН=7701234567
ПолучательСчет=40702811000000001111
Получатель=ООО ИТ Решения
ПолучательИНН=7767890123
НазначениеПлатежа=Оплата за разработку программного обеспечения по договору 15 от 01.03.2026
КонецДокумента

СекцияДокумент=Платежное поручение
Номер=10
Дата=15.03.2026
Сумма=37500.00
ПлательщикСчет=40702811100000005555
Плательщик=ООО МедиаПро
ПлательщикИНН=7778901234
ПолучательСчет=40702810100000001234
Получатель=ООО Ромашка
ПолучательИНН=7701234567
НазначениеПлатежа=Оплата рекламных услуг по договору 22 от 14.03.2026
КонецДокумента

КонецФайла
