1CClientBankExchange
ВерсияФормата=1.03
Кодировка=Windows
Отправитель=БанкСервис
Получатель=
ДатаНачала=01.04.2026
ДатаКонца=30.06.2026
РасчСчет=40702810200000009876
КонецСекции=РасчСчет

СекцияДокумент=Платежное поручение
Номер=101
Дата=02.04.2026
Сумма=250000.00
ПлательщикСчет=40702810200000009876
Плательщик=ЗАО Горизонт
ПлательщикИНН=7789012345
ПолучательСчет=40702810300000004321
Получатель=ООО Поставщик Плюс
ПолучательИНН=7790123456
НазначениеПлатежа=Оплата по договору поставки 100 от 01.04.2026 за материалы
КонецДокумента

СекцияДокумент=Платежное поручение
Номер=102
Дата=07.04.2026
Сумма=88000.00
ПлательщикСчет=40702810400000006543
Плательщик=ООО Финанс Консалт
ПлательщикИНН=7701122334
ПолучательСчет=40702810200000009876
Получатель=ЗАО Горизонт
ПолучательИНН=7789012345
НазначениеПлатежа=Оплата консалтинговых услуг по счету 77 от 05.04.2026
КонецДокумента

СекцияДокумент=Платежное поручение
Номер=103
Дата=14.04.2026
Сумма=175000.00
ПлательщикСчет=40702810200000009876
Плательщик=ЗАО Горизонт
ПлательщикИНН=7789012345
ПолучательСчет=40702810500000007654
Получатель=ООО АрендаПарк
ПолучательИНН=7712233445
НазначениеПлатежа=Арендная плата за апрель 2026 по договору 3 от 01.01.2025
КонецДокумента

СекцияДокумент=Платежное поручение
Номер=104
Дата=20.04.2026
Сумма=420000.00
ПлательщикСчет=40702810600000008765
Плательщик=ПАО РосПромТех
ПлательщикИНН=7723344556
ПолучательСчет=40702810200000009876
Получатель=ЗАО Горизонт
ПолучательИНН=7789012345
НазначениеПлатежа=Оплата по договору 55 от 15.04.2026 за производственное оборудование
КонецДокумента

СекцияДокумент=Платежное поручение
Номер=105
Дата=28.04.2026
Сумма=55000.00
ПлательщикСчет=40702810200000009876
Плательщик=ЗАО Горизонт
ПлательщикИНН=7789012345
ПолучательСчет=40702810700000009876
Получатель=ИП Козлова Мария Петровна
ПолучательИНН=781122334455
НазначениеПлатежа=Оплата дизайнерских услуг по акту 11 от 27.04.2026
КонецДокумента

СекцияДокумент=Платежное поручение
Номер=106
Дата=05.05.2026
Сумма=310000.00
ПлательщикСчет=40702810800000001357
Плательщик=ООО СмартТех
ПлательщикИНН=7734455667
ПолучательСчет=40702810200000009876
Получатель=ЗАО Горизонт
ПолучательИНН=7789012345
НазначениеПлатежа=Предоплата по договору 67 от 03.05.2026 за программный комплекс
КонецДокумента

СекцияДокумент=Платежное поручение
Номер=107
Дата=12.05.2026
Сумма=92500.00
ПлательщикСчет=40702810200000009876
Плательщик=ЗАО Горизонт
ПлательщикИНН=7789012345
ПолучательСчет=40702810900000002468
Получатель=ООО БухАутсорсинг
ПолучательИНН=7745566778
НазначениеПлатежа=Оплата бухгалтерских услуг за май 2026 по договору 9 от 01.01.2026
КонецДокумента

СекцияДокумент=Платежное поручение
Номер=108
Дата=20.05.2026
Сумма=680000.00
ПлательщикСчет=40702811000000003579
Плательщик=АО МегаСтрой
ПлательщикИНН=7756677889
ПолучательСчет=40702810200000009876
Получатель=ЗАО Горизонт
ПолучательИНН=7789012345
НазначениеПлатежа=Оплата по договору субподряда 33 от 10.05.2026 за строительные работы
КонецДокумента

СекцияДокумент=Платежное поручение
Номер=109
Дата=02.06.2026
Сумма=145000.00
ПлательщикСчет=40702810200000009876
Плательщик=ЗАО Горизонт
ПлательщикИНН=7789012345
ПолучательСчет=40702811100000004680
Получатель=ООО ТелекомСвязь
ПолучательИНН=7767788990
НазначениеПлатежа=Оплата телекоммуникационных услуг по счету 200 от 01.06.2026
КонецДокумента

СекцияДокумент=Платежное поручение
Номер=110
Дата=18.06.2026
Сумма=230000.00
ПлательщикСчет=40702811200000005791
Плательщик=ООО ЭкоПродукт
ПлательщикИНН=7778899001
ПолучательСчет=40702810200000009876
Получатель=ЗАО Горизонт
ПолучательИНН=7789012345
НазначениеПлатежа=Оплата по договору поставки 88 от 15.06.2026 за продукты питания
КонецДокумента

СекцияДокумент=Платежное поручение
Номер=111
Дата=25.06.2026
Сумма=115000.00
ПлательщикСчет=40702810200000009876
Плательщик=ЗАО Горизонт
ПлательщикИНН=7789012345
ПолучательСчет=40702811300000006802
Получатель=ООО КлинингСервис
ПолучательИНН=7789900112
НазначениеПлатежа=Оплата клининговых услуг за июнь 2026 по договору 14 от 01.01.2026
КонецДокумента

КонецФайла
