1CClientBankExchange
ВерсияФормата=1.03
Кодировка=UTF-8
Отправитель=АО Банк
ДатаНачала=01.07.2026
ДатаКонца=31.07.2026
РасчСчет=40702810900000012345
СекцияДокумент=Платежное поручение
Номер=1
Дата=01.07.2026
Сумма=120000,00
ПлательщикСчет=30101810400000000225
Плательщик=ООО Эквайринг-Сервис
ПлательщикИНН=7701234501
ПолучательСчет=40702810900000012345
Получатель=ООО ФинАудит
ПолучательИНН=7704001122
НазначениеПлатежа=Зачисление выручки по эквайрингу за 30.06.2026
КонецДокумента
СекцияДокумент=Платежное поручение
Номер=2
Дата=02.07.2026
Сумма=38000,00
ПлательщикСчет=40702810900000012345
Плательщик=ООО ФинАудит
ПлательщикИНН=7704001122
ПолучательСчет=40702810900000099001
Получатель=ООО КофеТрейд
ПолучательИНН=7708123456
НазначениеПлатежа=Оплата за кофейное зерно, партия 17
КонецДокумента
СекцияДокумент=Платежное поручение
Номер=3
Дата=03.07.2026
Сумма=80000,00
ПлательщикСчет=40702810900000012345
Плательщик=ООО ФинАудит
ПлательщикИНН=7704001122
ПолучательСчет=40702810900000077002
Получатель=ООО Арендодатель Плюс
ПолучательИНН=7705551234
НазначениеПлатежа=Аренда помещения за 07.2026
КонецДокумента
СекцияДокумент=Платежное поручение
Номер=4
Дата=05.07.2026
Сумма=26000,00
ПлательщикСчет=30101810400000000225
Плательщик=ООО Эквайринг-Сервис
ПлательщикИНН=7701234501
ПолучательСчет=40702810900000012345
Получатель=ООО ФинАудит
ПолучательИНН=7704001122
НазначениеПлатежа=Зачисление выручки по эквайрингу за 04.07.2026
КонецДокумента
СекцияДокумент=Платежное поручение
Номер=5
Дата=10.07.2026
Сумма=127000,00
ПлательщикСчет=40702810900000012345
Плательщик=ООО ФинАудит
ПлательщикИНН=7704001122
ПолучательСчет=40101810800000010041
Получатель=ФНС России
ПолучательИНН=7701000000
НазначениеПлатежа=Уплата налога УСН за 2 квартал 2026
КонецДокумента
СекцияДокумент=Платежное поручение
Номер=6
Дата=11.07.2026
Сумма=75000,00
ПлательщикСчет=40702810900000012345
Плательщик=ООО ФинАудит
ПлательщикИНН=7704001122
ПолучательСчет=40817810099910000001
Получатель=Иванов И.И.
ПолучательИНН=500100100100
НазначениеПлатежа=Заработная плата за 06.2026
КонецДокумента
СекцияДокумент=Платежное поручение
Номер=7
Дата=11.07.2026
Сумма=52000,00
ПлательщикСчет=40702810900000012345
Плательщик=ООО ФинАудит
ПлательщикИНН=7704001122
ПолучательСчет=40817810099910000002
Получатель=Петрова А.С.
ПолучательИНН=500200200200
НазначениеПлатежа=Заработная плата за 06.2026
КонецДокумента
СекцияДокумент=Платежное поручение
Номер=8
Дата=14.07.2026
Сумма=29000,00
ПлательщикСчет=30101810400000000225
Плательщик=ООО Эквайринг-Сервис
ПлательщикИНН=7701234501
ПолучательСчет=40702810900000012345
Получатель=ООО ФинАудит
ПолучательИНН=7704001122
НазначениеПлатежа=Зачисление выручки по эквайрингу за 13.07.2026
КонецДокумента
СекцияДокумент=Платежное поручение
Номер=9
Дата=15.07.2026
Сумма=14000,00
ПлательщикСчет=40702810900000012345
Плательщик=ООО ФинАудит
ПлательщикИНН=7704001122
ПолучательСчет=40702810900000066331
Получатель=ГорКомСервис
ПолучательИНН=7706443322
НазначениеПлатежа=Коммунальные платежи за 07.2026
КонецДокумента
СекцияДокумент=Платежное поручение
Номер=10
Дата=20.07.2026
Сумма=35000,00
ПлательщикСчет=30101810400000000225
Плательщик=ООО Эквайринг-Сервис
ПлательщикИНН=7701234501
ПолучательСчет=40702810900000012345
Получатель=ООО ФинАудит
ПолучательИНН=7704001122
НазначениеПлатежа=Зачисление выручки по эквайрингу за 19.07.2026
КонецДокумента
КонецФайла
